2078 2675
799 46 1016 77 -η-

171 147 252 170 non
273 146 370 172 certe
386 138 501 178 obvii,
530 149 726 174 occurrere
744 145 919 185 possunt,
940 118 975 172 {t
988 135 1061 181 jam
1081 137 1127 177 C.
1151 141 1327 177 Limzcreus
1340 140 1374 186 *J
1396 152 1592 186 antennas,
1608 146 1647 179 in

167 208 432 253 Sphaeromate
447 211 605 256 aliisque
622 210 828 257 isopodibus
842 221 989 256 semper
1012 209 1190 256 duplices,
1217 220 1362 247 tantum
1391 211 1582 261 siinpiices
1605 218 1645 251 in

168 291 247 314 uno
272 282 477 327 specimine
499 282 722 316 observasse
748 280 958 315 contendit.
988 282 1086 314 Fieri
1116 293 1241 317 autem
1257 267 1467 330 oportebat,
1498 295 1538 320 ut
1562 288 1640 325 liae,

170 361 271 386 certe
296 358 460 389 maxime
511 354 719 399 elongatae,
751 351 814 386 sed
837 352 1072 390 subtiliores,
1105 358 1266 389 animale
1297 361 1337 389 in
1361 359 1524 403 lapidem
1555 370 1646 393 con·—

167 434 290 464 verso‚
320 425 492 460 interitui
513 426 710 464 obnoxiae,
736 424 804 458 sub
831 428 962 469 capitis
989 425 1124 460 deinde
1153 429 1288 474 clypeo
1308 442 1455 478 semper
1486 433 1644 463 abscon-

165 493 286 532 ditae,
337 498 527 532 rarissime
556 506 813 533 servarentur..
880 497 1047 531 Inferior
1073 500 1246 543 corporis
1281 513 1363 546 pars
1391 502 1481 535 iicet
1512 504 1648 539 iisdem

166 568 390 613 segmentis,
440 571 682 604 tenuioribus
710 568 864 615 quidem
892 570 1072 615 praedita,
1100 583 1296 617 nunquam
1320 572 1498 617 adparet,
1547 576 1647 623 unc-ie

163 648 234 672 nec
261 647 469 682 antennae,
497 653 566 675 nec
585 641 699 687 pedes
729 641 831 674 obvii
864 652 943 675 esse
961 652 1138 687 possunt.
1220 645 1277 676 Eo
1310 642 1459 679 facilius
1489 658 1647 681 corneae

161 710 230 744 hae
272 721 396 757 partes
426 721 463 746 et
494 720 642 753 tenerae
668 711 869 745 interirent
896 713 1107 757 oportebat.
1211 715 1247 747 Si
1273 713 1432 760 deniqne
1460 705 1574 762 pedes
1603 722 1643 752 in

163 783 300 817 ordine
348 784 660 830 branchiopodum
708 781 952 816 functionem
1003 783 1266 818 branchiarum
1290 786 1330 818 in
1359 798 1398 820 se
1422 793 1640 835 suscipiant,

162 862 288 890 tamen
314 867 462 901 semper
489 855 656 889 natando
681 856 867 888 inservire
900 863 936 887 et
956 855 1084 888 adesse
1111 856 1277 904 debent3
1329 869 1442 902 quare
1468 868 1504 893 et
1531 862 1643 906 pedes

161 935 198 960 et
225 936 420 965 antennas,
465 939 552 961 cum
587 925 830 961 in-omnibus
881 925 1085 961 Crustaceis
1108 928 1452 975 deprehendantur,
1476 932 1554 967 illis
1580 932 1644 968 de-

161 995 290 1037 fuisse,
311 999 422 1032 nullo
453 999 571 1034 modo
588 996 648 1046 ”l
671 998 870 1043 probabile
900 1006 970 1036 est.

817 1111 849 1156 §.
904 1113 967 1159 84.

214 1219 328 1254 Aliud
358 1221 505 1259 deinde,
536 1220 679 1255 scilicet
706 1217 845 1252 divisio
867 1218 1161 1267 lengitudinaiis
1183 1217 1398 1254 abdominis
1425 1228 1461 1254 et
1486 1223 1635 1264 caudae,
1677 1255 1680 1258 .
1715 1266 1717 1273 .

155 1294 197 1326 in
228 1295 337 1328 nullo
363 1294 438 1327 alio
460 1292 614 1326 animaii
642 1299 840 1336 tantopere
867 1296 1087 1338 conspicua,
1117 1292 1186 1326 cel.
1208 1292 1412 1328 Brogniatt
1443 1293 1639 1330 Trilobitos

159 1375 177 1397 a
211 1367 411 1400 Crustaceis
436 1374 631 1400 secernere
675 1361 872 1411 affirmat;
937 1373 1101 1398 attamen
1130 1364 1266 1397 horum
1296 1366 1486 1399 nonnulla
1514 1368 1638 1401 simile

157 1436 248 1482 quid
277 1438 472 1482 praebent.
584 1436 718 1479 Neque
746 1433 833 1466 dein
862 1435 902 1466 in
928 1435 1108 1468 omnibus
1135 1435 1389 1468 Ttilobitorum
1415 1440 1632 1482 speeiebus,

157 1509 261 1555 quod
285 1509 378 1543 bene
406 1508 697 1544 animadvertas,
713 1504 818 1539 'haec
837 1509 1009 1552 corporis
1031 1513 1311 1553 segmentorum
1333 1506 1472 1541 divisio
1504 1510 1628 1553 obvia,

154 1634 679 1653 ffl-
1398 1638 1416 1649 ,Τ

149 1738 187 1779 ²⁸¹)
233 1738 316 1769 Acta
343 1737 447 1771 Acad.
469 1736 639 1768 Holmens.

151 1824 209 1868 ²³⁴¹)
250 1824 441 1868 Brogniart
467 1825 490 1855 l.
516 1833 546 1855 c.
574 1834 609 1863 p.
636 1832 696 1861 4²·
721 1824 750 1859 ie
775 1821 857 1854 crois
881 1823 988 1855 meme
1012 1821 1153 1864 pouvoir
1177 1824 1347 1864 aller-plue
1371 1824 1438 1854 {oin
1458 1846 1466 1861 ,
1493 1832 1524 1854 et
1548 1825 1628 1865 dire,

257 1890 321 1920 que
345 1886 452 1909 tontes
490 1881 533 1908 les
568 1876 806 1918 presumptione
870 1878 1066 1908 raiaonables
1109 1887 1143 1907 ee
1191 1877 1393 1918 renuissent,
1443 1888 1527 1918 pour
1549 1890 1633 1911 noua

255 1932 335 1962 faire
356 1934 535 1970 admettre,
584 1933 678 1972 qu'ile
728 1932 895 1961 n‘avoient
943 1932 1037 1975 point
1083 1932 1123 1962 de
1150 1940 1253 1973 panes
1276 1940 1484 1974 proprement
1530 1933 1630 1966 dites.

257 1986 360 2016 Enfin
385 1996 428 2016 on
453 1995 532 2026 peut
557 1987 625 2016 dire
653 1987 705 2024 ici,
729 1996 811 2015 mais
843 1997 884 2016 en
912 1997 944 2017 se
980 1987 1118 2018 tondant
1145 1997 1199 2017 sur
1224 1986 1361 2017 d'autres
1375 1986 1553 2027 principes,
1576 1988 1629 2028 qu'

255 2039 295 2070 ils
316 2050 356 2070 ne
378 2039 549 2071 devroient
573 2050 628 2082 pas
656 2050 697 2071 en
721 2041 825 2073 avoir.
