2062 2675
1043 104 1260 158 *¹21*-

425 219 665 265 assignamus.
775 219 994 251 Psammites
1043 220 1081 250 in
1122 218 1341 252 universum
1366 228 1411 251 ex
1442 217 1641 250 destructis
1689 210 1890 265 pri‘mirivis

423 290 621 326 montibus
646 295 799 322 exortus
824 289 886 321 vei
931 300 994 322 eos
1050 291 1152 335 ipsos
1202 290 1307 336 tegit,
1353 291 1413 324 vel
1438 300 1522 323 curn
1550 288 1744 323 montibus
1789 297 1891 323 tran-

426 362 577 397 sitionis
609 360 789 398 alternat,
817 366 860 392 ut
881 357 921 391 in
942 361 1130 408 Hercynia
1153 373 1239 395 cum
1261 361 1403 395 schisto
1428 359 1628 405 argillaceo
1653 361 1891 395 transitionis

427 434 629 471 alternans,
663 437 701 465 in
731 433 926 477 primitivo
956 432 1097 466 schisto
1117 433 1316 478 argillaceo
1341 433 1402 467 vel
1427 432 1466 464 in
1489 428 1634 474 {tremite
1658 439 1798 466 stratus
1823 439 1891 467 est.

424 508 469 538 In
495 516 629 551 genere
654 511 889 537 caementum
933 504 1011 544 ejus
1039 514 1082 535 ex
1108 502 1329 549 fragmentis
1352 502 1481 537 schisti
1529 502 1738 547 argillacei,
1787 510 1826 534 ut
1853 502 1895 535 in

426 575 581 621 regione
606 574 895 618 Petropolitana‚
921 571 1120 611 formatur,
1147 577 1187 606 in
1205 575 1398 608 Revaletzsi
1419 579 1543 605 autem
1570 583 1632 605 ora
1660 572 1737 616 ejus
1762 572 1892 605 locum

428 645 592 679 schistus
618 644 837 678 chloriticus
856 667 864 682 ,
893 654 937 676 ex
966 643 1092 677 eadem
1124 651 1242 677 aetate
1264 644 1501 681 derivandum,
1529 651 1715 688 occupat·,
1754 642 1896 676 nihilo·-

433 717 561 748 minus
593 723 717 747 tamen
743 715 842 748 inter
876 716 1030 761 granula
1057 715 1187 760 quarzi
1213 715 1401 760 pellucida
1426 716 1498 748 alia
1525 718 1629 760 nigra
1657 715 1893 754 obveniunt‚

428 796 521 830 quae
550 785 678 818 schisti
705 786 892 830 argillacei
926 798 1004 820 esse
1028 794 1202 831 possunt.
1240 790 1283 819 In
1302 789 1455 832 regione
1477 785 1666 819 Revalensi
1689 787 1728 816 in
1754 785 1896 818 schisto

430 854 591 901 denique
601 855 814 897 aluminari,
833 869 877 890 ex
894 857 1021 890 eadem
1038 856 1277 891 transitionis
1293 862 1409 889 aetate
1434 854 1651 896 derivando7
1673 861 1810 888 stratus
1826 863 1898 889 est.

1088 993 1122 1037 §-
1180 1003 1239 1039 ¹9·

480 1100 657 1143 Magnam
681 1096 890 1142 analogiam
917 1101 1015 1130 inter
1043 1106 1192 1132 montes
1225 1093 1460 1133 Esthonicos,
1518 1092 1701 1142 lngrz'cos',
1732 1095 1899 1129 Suecicos

433 1175 470 1201 et
497 1168 720 1214 Norvegz'cos
761 1168 991 1202 intercedere
1012 1195 1019 1208 ,
1067 1180 1152 1202 cum
1173 1178 1303 1201 omnes
1326 1165 1404 1199 fere
1429 1167 1724 1210 septentrionem
1761 1176 1893 1199 versus

429 1238 687 1284 praevalentes
708 1236 873 1279 ejusdem
896 1238 1140 1273 formationis
1163 1237 1448 1281 eorundemque
1475 1245 1681 1270 stratorum
1701 1235 1778 1270 sint
1793 1259 1800 1273 ,
1832 1247 1900 1269 ve-

430 1309 600 1342 rosimile
624 1317 694 1343 est.
775 1312 818 1341 In
863 1309 1082 1344 universum
1105 1321 1243 1355 nempe
1265 1308 1321 1341 ibi
1341 1316 1489 1341 montes
1521 1309 1757 1340 transitionis
1797 1317 1900 1351 prae-

430 1379 570 1419 valent,
597 1392 636 1414 ac
657 1379 919 1416 formationes,
951 1391 1043 1424 quae
1061 1389 1229 1419 austrum
1256 1390 1386 1413 versus
1411 1378 1455 1410 ad
1480 1377 1696 1422 primitivos
1719 1384 1897 1421 spectant,

431 1450 482 1483 ibi
506 1462 645 1496 passim
673 1452 907 1484 transitionis
929 1439 1026 1482 sunt.
1068 1454 1125 1485 Sic
1144 1451 1217 1493 jam
1239 1450 1278 1481 in
1303 1448 1589 1492 septentrionali
1611 1449 1803 1481 Germania
1824 1470 1834 1485 7
1861 1449 1900 1479 in

433 1522 620 1568 Hercynia
643 1523 805 1562 scilicet,
830 1524 1045 1566 psammites
1070 1520 1328 1567 transitionis,
1355 1522 1418 1564 qui
1443 1517 1562 1552 rarior
1585 1525 1640 1551 est
1665 1518 1770 1564 reliqi
1787 1518 1837 1558 is,
1867 1525 1904 1550 et

433 1590 529 1636 lapis
577 1593 756 1627 calcatius
804 1592 1043 1626 transitionis
1067 1599 1293 1628 occurrunt,
1352 1588 1463 1623 sicuti
1490 1588 1554 1620 ille
1586 1587 1630 1620 ad
1683 1588 1898 1636 Bzicheberg,

433 1659 534 1694 haud
558 1665 692 1707 procul
720 1665 763 1697 ab
791 1662 1042 1708 Elbingerode,
1070 1662 1130 1695 hic
1156 1661 1201 1694 ad
1227 1659 1493 1705 Blanlrcnburg,
1545 1659 1749 1705 Hercyniae
1776 1661 1898 1701 urbes,

433 1732 498 1764 ubi
527 1744 677 1778 magnas
717 1735 801 1769 illas
828 1732 1024 1768 constituit
1048 1743 1245 1769 cavernas,
1293 1743 1311 1764 a
1337 1733 1556 1765 Baumanno
1580 1737 1616 1762 et
1635 1730 1747 1765 Bielio
1775 1730 1903 1768 dictas.

435 1802 724 1847 Frequentiores
763 1814 885 1838 autem
916 1812 1004 1836 sunt
1039 1803 1204 1846 ejusdem
1228 1805 1391 1836 nominis
1414 1809 1564 1834 montes
1591 1803 1832 1838 transitiones
1859 1810 1899 1839 in

439 1877 605 1909 suecia:
671 1883 712 1907 ut
739 1884 827 1920 puta
876 1874 1116 1909 munel-sullae
1134 1885 1244 1908 mons
1271 1877 1311 1907 in
1344 1870 1621 1918 l‘Vestrogothia
1643 1871 1900 1910 horizontalia

442 1954 553 1979 strata
580 1946 730 1991 praebet
757 1946 890 1991 lapidis
938 1945 1096 1979 arenarii
1122 1956 1231 1990 supra
1254 1956 1455 1991 gneussum
1508 1946 1612 1976 strati
1630 1966 1639 1981 ‚
1662 1944 1791 1979 schisti
1813 1947 1900 1982 dein

439 2016 669 2053 aluminaris,
700 2027 783 2048 cum
807 2016 929 2062 lapide
956 2015 1114 2050 calcario
1139 2025 1175 2050 et
1199 2017 1315 2051 suillo
1343 2014 1585 2056 alternantis,
1616 2014 1750 2062 lapidis
1783 2029 1899 2062 porro

445 2088 599 2127 caleam,
626 2089 916 2123 Orthoceratitis
938 2087 1173 2127 abundantis,
1196 2099 1294 2135 quos
1311 2086 1471 2132 denique
1487 2086 1649 2122 schistus
1675 2087 1898 2134 argillae-‚eus
