2078 2675
769 117 991 146 ...31—

799 214 832 258 §0
886 214 949 251 38.

197 322 364 358 Truncus
390 331 504 365 porro
551 331 595 353 ex
622 319 793 365 pluribus
813 321 1016 366 segmentis
1046 319 1272 360 abdominis,
1302 319 1447 364 saepius
1474 321 1513 351 in
1541 325 1617 351 tres

136 403 259 440 partes
282 394 427 431 divisis,
455 393 516 427 vel
562 394 714 428 sulcatis
739 398 912 432 constat5
969 403 1130 427 numero
1159 397 1314 430 variant,
1347 391 1450 439 quod
1476 403 1520 423 ex
1551 403 1618 437 ge-

136 477 225 499 nere
272 474 308 498 et
352 465 475 511 specie
529 465 793 501 Trilabz'torum
834 465 971 510 pendet
993 477 1004 512 ;
1058 466 1195 500 adsunt
1221 474 1263 498 ut
1286 465 1494 511 plurimum
1521 469 1608 494 octo

135 537 196 570 vel
223 548 375 576 novem.
397 549 575 572 numerus
601 546 711 577 certe,
740 537 1105 582 quisphaeromatis
1150 538 1352 584 segmentis
1370 559 1380 577 ,
1432 544 1618 568 nonnun-

133 620 243 653 quam
270 616 306 641 et
338 608 428 655 ipsis
459 610 587 644 incisis
624 609 820 656 proximus
846 619 921 647 est,
949 609 1036 644 licet
1057 619 1093 643 et
1125 611 1233 656 plura
1269 609 1484 645 obveniant,
1510 616 1618 651 prae-

131 679 258 713 sertim
285 684 314 713 si
365 681 533 715 caudalia
561 681 879 717 adnumerantur..
979 683 1098 717 Modo
1141 681 1364 714 intermedia
1397 687 1615 726 segmento-

128 763 211 785 rum
240 763 328 797 pars>
351 753 566 787 lateralibus
588 777 597 793 ‚
651 752 766 786 modo
796 752 862 786 hae
894 755 958 788 illa
984 754 1143 797 majores
1167 759 1280 790 sunt3
1338 753 1403 785 illa
1428 762 1610 785 nonnun-

129 833 241 868 quam
296 827 558 869 angustissima
587 835 605 857 a
631 825 826 860 latissimis
854 824 1066 860 lateralibus
1097 827 1209 873 longe
1238 831 1451 870 superatur.
1573 827 1618 855 1¹1

127 905 262 940 genere
284 904 477 940 segmenta
514 897 546 931 si
591 900 735 944 integra
763 905 865 939 sunt,
894 898 1013 931 media
1035 906 1136 944 parte
1161 899 1308 934 latiora,
1335 907 1446 940 quam
1475 895 1604 940 apices

125 975 255 998 versus
274 988 281 1002 ‚
315 966 451 1011 quibus
484 972 627 1012 postice
649 968 747 1002 flexa
765 978 910 1013 semper
936 973 1109 1003 tenuiora
1125 969 1220 1003 facta
1248 972 1286 1000 in
1315 967 1608 1002 subtilissimam

127 1043 331 1070 extremam
384 1047 529 1082 partem
570 1040 821 1072 acuminatam
861 1050 1079 1075 excurrunt.
1181 1040 1276 1075 Aliis
1299 1037 1488 1081 sejunctae
1517 1043 1609 1070 sunt

124 1104 409 1152 segmen'torum
433 1109 606 1144 laterales
632 1109 866 1155 appendices,
889 1113 995 1146 vario
1013 1112 1127 1147 modo
1157 1112 1295 1155 flexae,
1323 1122 1340 1143 a
1357 1109 1476 1144 media
1505 1114 1609 1153 parte

124 1190 303 1219 convexa,
324 1177 374 1214 it'a
399 1188 439 1213 ut
466 1183 588 1214 lineae
613 1179 725 1223 hujus
747 1181 950 1218 divisionis
969 1197 1032 1228 per
1062 1186 1195 1218 oculos
1226 1189 1465 1217 excurrentes
1500 1185 1536 1211 et
1560 1175 1606 1209 ad

124 1254 290 1285 anticum
320 1253 451 1297 capitis
483 1253 691 1298 marginem
721 1258 960 1289 continuatae
978 1256 1015 1288 id
1043 1257 1166 1301 ipsum
1190 1261 1229 1290 in
1258 1265 1332 1290 tres
1356 1261 1478 1301 partes
1508 1250 1607 1285 divi-

122 1322 222 1356 dant.
306 1326 593 1371 Nonnunquam
622 1328 721 1358 inter
745 1326 907 1360 mediam
934 1335 1216 1374 segmentorum
1251 1336 1394 1374 partem
1421 1334 1456 1359 et
1473 1325 1606 1358 latera·
1646 1326 1649 1327 ⁷

118 1395 172 1428 les
197 1395 318 1428 lineae
350 1396 550 1430 divisionis
574 1397 720 1435 desunt,
753 1408 956 1443 earumque
989 1399 1114 1431 locum
1151 1400 1247 1433 sulci
1275 1403 1313 1432 in
1340 1405 1450 1443 caput
1472 1406 1605 1429 excur-

118 1474 242 1500 rentes
265 1475 465 1511 occupant.
510 1467 627 1504 Illos,
657 1478 817 1513 quorum
863 1468 1037 1501 laterales
1069 1476 1190 1513 partes
1220 1481 1238 1502 a
1267 1469 1387 1502 media
1414 1467 1604 1509 sejunctae

119 1545 217 1576 sunt,
248 1537 347 1572 inter
386 1541 540 1584 is.1p0da
570 1549 681 1584 quam
707 1538 868 1571 maxime
891 1540 1031 1573 acced³t
1056 1539 1214 1575 Idothea
1253 1549 1456 1577 entomon‚
1503 1537 1609 1579 cuius

120 1597 310 1654 segmenta
332 1610 545 1645 abdominis
575 1611 624 1643 ita
640 1618 729 1643 sunt
763 1608 921 1642 dissecta
939 1634 947 1650 ‚
975 1621 1016 1644 ut
1035 1612 1157 1647 media
1181 1624 1264 1659 pars
1280 1612 1461 1646 latissima
1484 1609 1610 1652 cujus-

116 1681 210 1715 libet
235 1681 416 1729 segmenti
432 1681 598 1727 margine
617 1681 813 1726 parvulam
834 1682 1080 1728 appendicem
1102 1683 1304 1722 lateralem,
1333 1686 1435 1728 apice
1460 1682 1610 1729 postice

66 1747 69 1752 ’
117 1762 319 1800 converso,
342 1752 529 1792 exhibeat,
557 1754 688 1799 quain
717 1766 756 1786 re
771 1753 1094 1800 longitudinalem
1144 1754 1315 1801 corporis
1349 1754 1606 1791 'Iriluli'torwn

117 1822 344 1859 divisionem
365 1825 411 1858 ad
431 1837 552 1859 assem
569 1825 700 1859 refert.
756 1823 921 1858 Inferior
948 1835 1236 1872 segmentorum
1269 1827 1483 1860 abdominis
1513 1836 1599 1871 pars

115 1897 258 1939 integra
307 1897 506 1942 hucusque
555 1898 727 1931 nondum
771 1896 970 1929 observata
1000 1905 1064 1935 est,
1102 1909 1217 1943 quam
1247 1899 1295 1932 ob
1319 1910 1398 1931 rem
1428 1907 1464 1931 et
1489 1897 1602 1943 pedes

121 1966 384 2004 Trilabieorum
411 1967 532 2001 adhuc
583 1967 857 2004 desiderantur.
884 1971 928 2000 In
954 1969 1035 2002 aliis
1059 1969 1303 2015 conglobatis
1330 1971 1369 2004 hi
1394 1971 1496 2003 obvii
1527 1978 1607 2002 esse

116 2050 194 2072 non
212 2047 386 2084 possunt,
403 2039 440 2072 in
454 2038 536 2072 aliis
550 2051 641 2074 vero
656 2042 828 2085 expansis
845 2039 957 2085 pedes
971 2040 1070 2074 haud
1091 2039 1203 2075 dubie
1222 2041 1434 2075 tenuissimi
1454 2037 1606 2073 retracti

117 2120 164 2143 ex
191 2117 273 2144 toto
305 2110 515 2157 perierunt.
614 2113 714 2157 Quot
741 2122 832 2147 vero
859 2119 1142 2157 segmentorum
1196 2113 1410 2148 abdominis
1436 2119 1610 2146 occurre-
