2078 2675
204 342 259 377 Ab
288 342 345 376 his
374 351 490 385 porro
517 338 768 386 seiungendae
787 349 876 374 sunt
901 340 994 374 aliae
1020 339 1193 379 formae,
1231 351 1323 386 quae
1353 337 1632 383 semiglobosae

152 414 251 450 infra
281 414 414 460 planae
433 436 441 451 ‚
499 423 609 457 supra
643 423 833 445 convexae
864 413 1082 458 IVlilIeporas
1110 413 1394 459 quodammodo
1425 410 1597 445 referunt
1623 418 1633 450 ;

149 502 237 524 nam
263 486 458 532 superiore
491 492 595 530 parte
625 495 798 517 convexa
818 484 1009 519 innumeri
1031 485 1115 532 pori
1142 485 1412 532 approximati,
1448 483 1633 518 inferiore

151 563 264 609 plana
281 570 372 594 vero
393 559 658 591 concentricae
677 557 851 590 lamellae
866 555 1030 590 adfuisse
1049 557 1243 598 videntur,
1276 560 1366 594 licet
1387 561 1532 593 ethaeo
1558 555 1634 587 lae-

147 635 206 669 vis
249 631 403 678 porisve
424 630 559 664 iisdem
590 637 685 662 tecta
711 629 829 663 fuisse
854 632 988 675 possit,
1025 643 1109 665 cum
1138 643 1285 677 semper
1309 624 1445 668 detrita
1473 630 1633 665 ulterius

146 715 303 741 examen
327 714 406 737 non
429 703 627 744 admittat3
699 704 738 737 in
760 702 857 749 regi(
868 715 914 736 ne
932 703 1213 748 Petropolitana
1237 703 1544 750 frequentissime
1561 703 1628 737 ob-

147 781 248 815 viam
276 775 513 819 Millepomm
541 775 878 822 hemisphaericam
909 780 1183 821 cognominare
1206 776 1351 811 lubeat.
1406 780 1633 823 Fragmenta

150 849 285 887 deinde
315 850 410 881 alius
425 848 575 893 speciei,
603 849 723 882 relatu
752 847 862 889 hujus
891 850 1090 893 giganteae
1109 847 1299 888 dicendae,
1330 859 1367 884 at
1383 850 1626 885 nullomodo

150 920 470 961 determinandae,
491 932 575 953 cum
595 920 687 953 adeo
706 919 823 954 fracta
844 924 903 958 sit,
951 919 1185 961 obveniunt,
1233 921 1435 967 superficie
1459 923 1628 969 undique

147 998 254 1045 poris
287 1003 450 1038 pertusa3
478 991 701 1039 magnitudo
728 991 807 1033 ejus
835 993 968 1026 saltem
984 991 1029 1023 ad
1049 993 1217 1039 qninque
1234 993 1394 1039 pollices
1413 992 1632 1029 definienda

150 1078 219 1107 est.
244 1069 366 1103 Aliam
386 1066 522 1102 deinde
546 1065 783 1110 Milleporam
806 1061 1033 1112 fastigiatam
1054 1069 1325 1111 cognominare
1349 1067 1448 1104 licet,
1479 1079 1571 1113 quae
1591 1067 1631 1101 in

149 1142 391 1176 altitudinem
410 1147 522 1173 tracta
542 1141 645 1183 poris
663 1146 813 1183 pertusa
827 1162 838 1178 ‚
872 1136 1055 1183 gradatim
1084 1136 1327 1179 adscendens,
1344 1138 1533 1184 fastigiata
1559 1148 1630 1176 est.

148 1219 268 1251 Porro
299 1214 387 1247 huic
415 1209 716 1257 approximantia
745 1219 800 1244 est
827 1211 1028 1256 Millepora
1051 1208 1313 1257 fungifornu‘s,
1339 1223 1432 1259 quae
1453 1212 1633 1246 latiorem

148 1289 293 1336 pileum
344 1282 546 1332 superficie
599 1283 705 1329 poris
732 1291 929 1329 pertusum
952 1284 993 1316 in
1022 1283 1248 1319 brevissimo
1265 1297 1467 1331 crassoque
1492 1294 1630 1319 trunco

148 1362 255 1409 gerit,
276 1360 407 1394 subtus
426 1367 586 1403 por080.
615 1357 719 1391 Aliae
740 1356 903 1403 denique
921 1356 1062 1402 species
1085 1356 1265 1394 Orbulites
1280 1370 1298 1391 a
1315 1359 1387 1394 cel.
1407 1358 1632 1393 Lamarckio

151 1437 269 1470 dictas
298 1432 494 1470 accedunt,
516 1428 699 1466 minores!
730 1430 900 1473 undique
926 1432 1031 1473 poris
1057 1437 1250 1474 pertusae,
1276 1439 1320 1464 ut
1343 1433 1544 1475 Millepora
1570 1444 1631 1466 or·

150 1505 413 1543 bulitiformis‚
445 1509 637 1553 quaertres
660 1501 738 1535 fere
760 1501 879 1534 lineas
908 1502 993 1541 alta,
1017 1503 1184 1549 quinque
1200 1503 1285 1541 lata,
1316 1508 1510 1550 superiore
1526 1513 1632 1551 parte

149 1591 332 1619 convexa,
358 1576 543 1611 inferiore
557 1574 666 1620 plana
688 1573 815 1607 medio
843 1586 977 1619 parum
996 1578 1185 1609 eminente
1214 1574 1376 1621 gaudet3
1429 1577 1632 1624 Mallepora

148 1666 267 1702 porro
298 1652 468 1700 apiculat·
486 1673 495 1689 ⁷
522 1658 614 1693 quae
638 1649 678 1679 in
707 1656 786 1679 uno
814 1647 984 1691 margine
1026 1651 1130 1694 quasi
1158 1651 1278 1682 scisso
1301 1650 1500 1696 parvulam
1539 1654 1631 1684 emi-

147 1731 318 1764 nentiam
342 1733 540 1759 recurvam
574 1717 830 1752 unciformem
859 1719 1039 1754 exhibens
1061 1745 1070 1761 ‚
1124 1733 1235 1768 supra
1314 1726 1538 1757 innumeros
1565 1736 1630 1769 po-

149 1812 213 1836 ros
239 1799 423 1833 minimos
450 1798 556 1842 gerit,
588 1789 687 1824 infra
716 1791 832 1825 laevis
856 1799 893 1824 et
913 1803 1048 1837 parum
1100 1805 1263 1828 concava
1289 1804 1375 1835 est3
1429 1795 1632 1841 Millepora

150 1872 313 1918 denique
338 1865 648 1917 quadrangularis
668 1863 832 1900 formam
850 1864 1156 1912 quadrangulam,
1186 1874 1223 1900 et
1238 1878 1349 1915 supra
1371 1878 1407 1904 et
1431 1867 1530 1902 infra
1547 1870 1630 1904 ubi-

150 1958 222 1993 que
257 1944 362 1991 poris
400 1942 562 1977 obsitam
618 1938 748 1988 sistit3
811 1938 1030 1987 superficies
1060 1940 1195 1975 detrita
1220 1943 1323 1976 striis
1348 1942 1628 1988 quadrangulo-

150 2021 401 2055 concentricis
420 2025 551 2053 notata
570 2025 626 2052 est
642 2028 654 2065 3
694 2014 764 2053 vix
783 2013 944 2051 duarum
963 2015 1150 2053 linearum
1170 2013 1473 2062 magnitudinem
1493 2015 1626 2054 offert.

1395 2104 1424 2154 f
