2078 2675
785 47 1009 76 ...33-

152 154 351 198 Margine,
405 159 482 195 quo
525 150 624 181 inter
665 157 704 181 se
739 142 1011 179 articulantur.
1052 145 1180 177 antico
1227 150 1416 189 segmenta
1461 143 1633 188 depressa

154 233 244 259 sunt
283 232 320 257 et
354 226 458 269 quasi
487 222 653 256 sulcata,
705 217 756 251 ita
785 223 828 249 ut
855 215 1083 250 antecedens
1108 222 1347 260 segmentum
1374 214 1418 248 ab
1444 225 1488 248 eo
1516 214 1633 259 recipi

153 296 301 341 possit3
357 305 521 341 expanso
574 288 736 323 animale
777 288 905 321 sulcus
945 285 1113 320 lateralis
1138 286 1256 330 partis
1284 286 1421 320 clarior
1448 286 1628 332 emergit,

153 367 384 413 cong10bat0
428 376 520 400 vero
549 359 739 405 disparet,
785 358 829 391 ab
852 359 924 392 illo
958 365 1096 391 tectus.
1177 356 1304 392 Media
1346 365 1629 403 segmentorum

154 449 238 483 pars
261 436 532 482 sphaeromatis
550 430 723 468 similiter
746 432 891 476 postice
917 429 1071 470 elevata,
1097 429 1220 464 antice
1242 428 1428 475 depressa,
1461 428 1627 463 lateralis

152 517 279 543 autem
300 520 345 542 ex
377 515 462 543 toto
485 504 600 559 laeyis
624 509 693 537 esto

787 732 820 776 ξ.
877 746 945 778 40.

205 839 465 875 Trilobitorum
489 835 650 883 denique
672 836 791 870 cauda
814 838 916 872 varia
941 838 1058 873 modo
1084 838 1249 886 integra,
1278 838 1397 873 modo
1424 834 1625 871 articulata

148 919 218 946 est.
294 916 335 946 In
359 910 436 944 illis
462 908 579 943 cauda
602 908 782 942 laminam
810 919 986 956 magnam
1008 921 1219 945 convexam
1237 935 1245 951 ‚
1273 911 1319 944 ad
1347 908 1542 944 branchias
1566 911 1627 942 in-

146 981 203 1016 fra
227 982 396 1021 tuendas,
426 981 547 1014 amice
566 986 726 1015 rectam,
758 978 804 1012 ad
826 980 924 1014 latus
953 981 1118 1015 amerius
1140 983 1322 1028 utrinque
1349 982 1548 1020 sulcatum,
1578 980 1625 1013 ad

148 1053 406 1100 recipiendum
432 1050 649 1085 abdominis
675 1056 912 1097 segmentum
931 1060 1180 1096 postremum,
1209 1056 1354 1100 postice
1378 1052 1623 1086 rotundatam

152 1125 214 1159 vel
238 1123 567 1163 semicircularem,
594 1122 655 1157 vel
681 1124 1046 1158 attenuato-ovalem
1069 1125 1184 1160 sistit.
1247 1128 1392 1159 Tamen
1416 1123 1541 1169 aliqua
1563 1135 1622 1156 ar-

148 1196 384 1231 ticulationis
401 1195 539 1230 caudae
562 1194 733 1240 vestigia,
765 1196 1034 1239 impressiones
1051 1196 1198 1230 scilicet
1216 1197 1278 1231 vel
1305 1197 1400 1231 sulci
1441 1196 1621 1242 utrinque

146 1267 192 1300 ad
217 1267 316 1301 latus
334 1267 482 1302 mediae
498 1269 616 1311 partis
632 1266 855 1306 obveniunt,
881 1276 1145 1314 argumentum
1166 1271 1348 1301 nimirum
1363 1266 1463 1301 haud
1485 1268 1623 1304 invali-

145 1338 258 1379 dum,
286 1339 442 1372 caudam
469 1349 515 1372 ex
532 1338 748 1381 conjunctis
774 1339 936 1385 singulis
966 1340 1168 1386 segmentis
1201 1347 1369 1373 exortam
1394 1349 1487 1374 esse.
1539 1343 1620 1387 Qua
1643 1366 1651 1372 χ

145 1412 186 1445 in
203 1422 243 1444 re
266 1409 311 1443 ad
331 1410 482 1455 isopoda
505 1409 699 1449 accedunt,
716 1421 760 1442 ex
778 1409 913 1454 quibus
931 1410 1157 1455 Splzaeroma
1177 1410 1332 1445 caudam
1346 1409 1509 1443 similem
1524 1410 1614 1452 fere,

144 1482 235 1516 licet
257 1481 492 1514 articulatam
512 1504 521 1520 ,
551 1488 677 1514 tamen
711 1480 881 1514 articulis
905 1481 1063 1527 singulis
1086 1482 1349 1516 immobilibus
1398 1481 1614 1524 conjunctis

147 1552 275 1587 offert.
308 1551 452 1586 Caudae
475 1559 598 1585 autem
624 1552 773 1585 articuli
790 1551 952 1585 aliorum
999 1552 1263 1588 Trilobitormn
1288 1555 1437 1597 penitus
1454 1553 1617 1597 sejuncti

145 1631 334 1671 segmenta
358 1622 572 1657 abdominis
602 1623 839 1657 aemulantur
859 1633 870 1662 ;
925 1627 966 1657 in
988 1624 1045 1657 his
1065 1624 1179 1657 cauda
1205 1628 1368 1669 propriis
1387 1630 1612 1670 segmentis,

143 1699 184 1728 in
212 1695 289 1729 illis
317 1704 409 1728 vero
437 1693 528 1738 ipsis
561 1693 763 1739 segmentis
788 1694 1004 1729 abdominis
1031 1699 1227 1730 continuis
1248 1694 1448 1736 formatur,
1498 1700 1548 1731 ita
1573 1707 1616 1732 ut

144 1767 252 1801 nulla
283 1765 451 1810 sejuncta
476 1764 591 1798 cauda
631 1764 742 1800 adsit.
815 1770 916 1814 Quot
933 1766 1073 1813 pedum
1102 1767 1160 1801 his
1183 1766 1398 1809 adfuerint,
1456 1768 1529 1803 dici
1550 1775 1615 1804 vix

143 1837 290 1883 potes&
312 1849 397 1871 cum
421 1836 634 1870 abdominis
678 1837 890 1881 caudaeque
918 1846 1109 1884 segmenta
1138 1842 1237 1873 inter
1266 1851 1305 1874 se
1340 1843 1503 1875 invicem
1532 1855 1613 1877 non

145 1907 402 1946 differantur5
449 1914 575 1940 tamen
606 1907 824 1942 verosimile
848 1920 927 1941 non
954 1919 1017 1949 est,
1046 1912 1122 1947 illis
1147 1911 1283 1948 caudae
1304 1911 1417 1958 pedes
1433 1912 1608 1954 adfuisse,

144 1991 229 2014 eum
257 1978 457 2014 branchiae
490 1978 559 2013 sub
590 1990 626 2012 ea
659 1979 782 2012 sedem
815 1990 1059 2026 occuparent.

1395 2047 1407 2066 l
