2078 2675
769 71 989 102 ..53-

144 171 279 206 Gauda
309 170 510 204 articulata
529 192 538 208 ‚
573 169 786 205 intermediis
805 167 974 214 partibus
1001 170 1224 214 brevissimis,
1254 173 1457 212 lateralibus
1479 178 1611 226 longis-

137 243 241 281 simis,
271 231 498 279 tenuissimis.

138 314 264 359 Caput
288 315 449 349 maxime
477 312 723 347 memorabile
762 312 992 353 formatum;
1034 316 1160 350 antico
1182 315 1261 360 ejus
1291 323 1457 365 margine
1484 323 1608 357 medio

140 398 185 420 ex
208 386 346 419 lamina
372 392 487 419 terete
509 395 659 418 sursum
687 391 835 417 crenata
867 384 1024 430 aliisque
1048 385 1190 422 duabus
1222 394 1358 424 teneris
1387 392 1510 426 medio
1540 397 1608 430 snb

140 458 277 504 angulo
307 456 601 491 conniventibus
631 456 875 503 composito3
899 455 1047 501 postico
1070 459 1238 504 margine
1265 462 1371 495 sulco
1400 464 1605 508 profundo,

140 538 354 563 transverso
394 535 554 566 notato;
611 525 833 561 intermedia
891 529 1020 572 capitis
1049 536 1153 574 parte
1182 541 1200 562 a
1228 532 1445 568 lateralibus
1491 536 1608 573 divisa

137 603 313 645 utrinque
342 598 387 632 ad
429 599 545 632 latera
577 607 612 632 et
635 600 756 633 antiee
780 597 971 644 profunde
994 601 1146 639 incisa5
1193 601 1292 636 linea
1337 605 1536 643 divisionis
1563 614 1607 643 ab

135 671 260 705 antico
282 670 450 717 margine
473 671 519 705 ad
539 669 661 706 oculos
680 669 928 704 adscendente
945 693 957 715 ,
1006 670 1094 704 dein
1139 673 1206 706 sub
1235 677 1374 722 angulo
1400 687 1609 716 retrorsum

131 741 242 778 flexa.

138 816 339 863 Segrtzentis
367 816 485 849 trunci
501 813 677 848 tredecim
689 811 741 863 (ξ)
759 815 1001 854 brevissimis,
1030 824 1247 852 antrorsum
1269 818 1393 861 flexis,
1412 821 1491 856 fere
1518 832 1608 860 tere-

137 887 237 922 tibus
258 916 269 932 ,
299 899 318 920 a
336 886 554 920 lateralibus
585 887 702 931 triplo
729 887 972 935 longioribus
990 900 1034 921 ex
1052 895 1133 921 toto
1152 889 1340 932 sejunctis,
1359 896 1575 939 aequalibus
1595 914 1604 943 3

136 959 353 993 lateralibus
404 965 613 991 retrorsum
638 948 643 950 ’
667 956 780 992 flexis
821 960 1051 994 tenuissimis
1071 984 1079 999 ‚
1103 963 1348 1002 acuminatis,
1381 967 1556 1003 omnibus
1588 982 1607 1003 a

139 1033 366 1066 seinvicem,
387 1036 424 1061 et
442 1026 660 1060 lateralibus
685 1036 956 1075 segmentorum
979 1031 1150 1076 partibus
1173 1032 1216 1066 ab
1241 1033 1488 1077 intermediis,
1517 1051 1608 1085 pro.

135 1100 258 1134 fundo
291 1100 398 1134 sulco
427 1097 569 1138 divisiS,
594 1100 667 1133 late
695 1099 934 1134 distantibus.

137 1170 293 1207 Gaudere
317 1176 584 1218 segmentorum
608 1177 729 1215 partes
753 1170 1010 1213 intermediae,
1031 1176 1209 1210 cumillis
1236 1180 1354 1214 trunci
1372 1177 1450 1215 fere
1485 1184 1604 1218 conti·

135 1253 243 1282 uuae,
273 1240 486 1287 quadruplo
509 1239 702 1275 breviores
745 1241 965 1277 lateralibus
985 1245 1231 1292 longissimis,
1262 1251 1507 1294 tenuissimis,
1534 1267 1608 1290 nu-

136 1324 242 1347 mero
271 1310 447 1346 undecim
470 1307 549 1358 (ἓ),
580 1319 705 1346 tamen
732 1316 797 1347 vix
847 1313 989 1349 caudae
1039 1326 1229 1363 segmenta
1274 1321 1318 1354 ab
1358 1323 1434 1358 illis

1488 1331 1608 1364 trunci

139 1383 287 1430 sejungi
354 1390 538 1427 possunt,
589 1383 648 1418 his
697 1384 791 1418 adeo
839 1386 1012 1423 similia,
1058 1394 1102 1419 ut
1146 1386 1227 1422 fere
1276 1392 1381 1427 nulla
1430 1395 1607 1434 distincta

142 1453 260 1489 cauda
283 1452 507 1488 assumenda
532 1452 593 1488 sit.

802 1635 836 1680 §.
885 1636 946 1684 ⁵9·

192 1738 393 1784 sequentes
419 1740 560 1783 speci&
583 1757 593 1779 ι
625 1739 715 1775 licet
738 1752 820 1777 non
840 1754 887 1778 ex
910 1744 1254 1790 provinciissmaris
1278 1745 1432 1791 baltici,
1481 1761 1608 1791 tamen

140 1813 181 1844 in
200 1810 331 1845 Rossia
348 1817 523 1855 repertas,
542 1821 690 1846 mecum
710 1813 754 1847 ab
773 1814 829 1850 ill.
850 1816 899 1851 G.
918 1815 1065 1852 Fischer
1095 1818 1279 1852 benevole
1299 1828 1605 1870 communicatas,

140 1879 203 1915 hic
223 1891 308 1914 cum
331 1878 409 1923 ejus
432 1880 749 1928 descriptionibus
780 1884 947 1931 adjicere,
966 1898 1045 1922 non
1072 1888 1135 1923 abs
1157 1900 1197 1924 re
1221 1893 1305 1928 erit.

1352 1954 1372 1976 0
