2078 2675
803 117 1018 149 ‘’1⁵2—

163 218 249 242 ceus
285 206 479 254 praevalet
503 216 539 241 et
568 210 606 241 in
636 217 748 244 strata
776 208 938 244 calcarea
965 213 1203 251 immittitur.
1266 218 1497 264 Porphyrica
1532 228 1652 252 massa

160 291 227 325 per
253 277 456 314 calcarium
483 278 647 325 lapidem
674 281 936 326 schistumque
961 284 1202 330 argillaceum
1232 297 1346 322 venas
1375 288 1526 329 format,
1561 291 1654 326 hos-

159 363 233 397 que
260 355 437 398 antiquos
479 361 629 387 montes
682 353 924 388 transi-tionis
951 355 1259 392 adnumerandos
1279 382 1287 398 ,
1344 369 1382 392 se
1407 364 1529 406 ipsam
1558 376 1649 399 vero

156 423 202 457 iis
221 423 411 467 juniorem
432 436 521 462 esse,
553 423 737 460 ostendit.
793 425 882 459 Alio
908 427 1010 464 loco,
1035 425 1072 471 *)
1107 442 1181 476 quo
1206 431 1385 466 calcatius
1406 433 1502 478 lapis
1532 434 1644 478 deest,

155 496 374 542 psammites
402 498 645 532 transitionis
665 521 673 536 ,
698 504 900 542 antequam
926 500 1160 546 porphyrius
1186 512 1266 536 sese
1292 502 1480 549 adposuit,
1508 509 1647 546 obvius

155 575 220 606 est,
255 568 425 615 granulis
443 569 612 616 parvulis
633 569 767 615 quarzi
797 570 1135 619 subtilissimisque
1160 575 1278 607 micae
1296 573 1518 622 fragmentis
1543 593 1646 617 com-

151 644 320 688 positus,
351 645 414 687 qui
442 651 542 676 certe
566 644 609 682 ei,
641 640 687 674 de
714 652 790 686 quo
816 646 855 676 in
883 655 948 678 ora
977 644 1168 679 Revalensi
1189 643 1307 679 obvio
1342 656 1448 683 antea
1469 651 1647 690 disserui-

149 726 254 753 mus,
284 715 501 749 simillimus
531 724 599 751 est.
633 715 727 748 Aliis
756 714 917 761 denique
937 715 977 749 in
1002 716 1108 756 locis,
1130 712 1181 763 **)
1211 720 1312 750 utin
1343 729 1474 756 monte
1500 726 1640 764 Colaag

152 788 251 823 haud
279 786 416 834 procul
439 798 457 820 a
487 785 708 822 Christiania
729 786 828 819 idem
854 791 1075 833 psammites
1094 791 1134 822 in
1159 793 1285 823 stratis
1329 791 1488 830 cinereis
1512 806 1548 830 et
1575 813 1637 834 ru-

149 859 227 893 bri-s
250 857 524 894 alternantibus
543 867 798 895 trecentorum
818 865 854 891 et
880 859 978 892 ultra
996 860 1134 905 pedum
1152 861 1365 897 altitudinis
1385 866 1454 899 sub
1473 873 1643 918 porphy—

150 934 207 964 rio
230 930 304 963 late
357 930 548 977 longeque
596 931 841 966 dominante,
897 938 933 964 et
959 930 1000 964 in
1034 933 1198 967 calcario
1249 934 1374 980 lapide
1401 940 1640 982 transitionis

150 1010 288 1037 stratus
314 1010 371 1038 est
388 1025 397 1043 ,
461 1003 598 1048 quibus
627 1014 671 1035 ex
703 1000 884 1035 omnibus
911 1009 947 1035 et
971 1003 1142 1049 analogia
1174 1005 1329 1039 illarum
1355 1014 1529 1048 omnium
1560 1014 1640 1053 for-

147 1078 366 1111 mationum
396 1075 602 1124 eademque
631 1073 768 1109 deinde
791 1081 896 1108 aetas
917 1072 1135 1111 deducenda
1155 1085 1266 1113 esset.

816 1255 851 1300 §1
906 1267 966 1293 22.

195 1367 427 1412 Argumenta
445 1365 614 1411 denique
628 1364 820 1401 ulteriora,
851 1376 945 1410 quae
969 1363 1172 1399 calcarium
1188 1365 1355 1412 lapidem
1387 1369 1536 1421 Ingriae
1557 1384 1633 1414 ηια-

145 1439 262 1484 risque
291 1436 415 1472 baltici
464 1438 752 1483 provinciarum
776 1434 821 1468 ad
845 1444 994 1470 montes
1016 1437 1257 1472 transitionis
1302 1452 1468 1487 spectare
1493 1449 1633 1485 confir-

141 1517 256 1549 mant,
275 1522 322 1544 ex
340 1508 536 1544 fossilibus
555 1507 794 1547 animalibuS,
820 1506 1004 1542 Trilobicis
1026 1509 1221 1550 nimirum,
1239 1512 1513 1554 Ortlzoceratitis
1530 1523 1634 1559 aliis-

142 1594 213 1630 que
244 1582 431 1616 similibus
471 1582 712 1615 desumimus·
737 1579 827 1612 Non
857 1580 984 1613 solum
1009 1583 1048 1613 in
1072 1582 1234 1617 calcario
1253 1584 1377 1630 lapide
1394 1593 1631 1634 transitionis

141 1656 288 1691 Sueciae
313 1662 348 1688 et
376 1654 592 1701 Norvegiae
610 1652 725 1685 iidem
746 1650 918 1686 Trilobiti
940 1663 980 1686 ac
1000 1651 1294 1690 Ortlzoceratitae
1319 1658 1542 1705 obveniunt,
1564 1670 1630 1705 sed

139 1732 250 1763 etiam
272 1727 354 1762 aliis
383 1727 423 1760 in
447 1725 680 1772 regionibus,
709 1723 749 1757 in
779 1723 917 1769 quibus
947 1724 1038 1757 haec
1056 1723 1203 1761 fossilia
1227 1729 1338 1764 obvia
1391 1745 1505 1776 erant,
1533 1751 1626 1777 sem.

139 1813 204 1848 per
230 1804 271 1835 in
301 1800 502 1834 montibus
546 1798 792 1832 transitionis
830 1795 1093 1835 occurrebant,
1168 1800 1227 1834 Sic
1268 1801 1343 1845 jam
1395 1809 1433 1841 gn
1461 1815 1626 1861 antiquis

138 2006 177 2050 ⁸)
224 2009 245 2039 l.
269 2018 301 2041 c.
321 2020 354 2049 p.
381 2019 453 2042 100.

137 2104 193 2150 **)
239 2107 264 2140 1.
295 2116 324 2138 c·
354 2118 391 2148 p.
423 2117 495 2146 1090
