2078 2675
780 113 997 147 -134

156 214 316 258 species,
343 221 384 247 ut
413 212 658 256 Madreporae
684 213 932 256 ipsorumque
955 209 1224 246 Trilobitorum
1246 208 1411 255 vestigia,
1443 209 1481 241 in
1512 209 1619 244 alveo

153 282 265 318 fluvii
300 284 513 318 lVindaviae
545 288 702 326 reperta,
754 282 815 314 hic
850 290 974 315 essent
1004 282 1220 321 referenda,
1272 284 1431 327 quaein
1460 279 1620 314 calcario

150 355 286 401 lapide,
306 353 492 400 adssripam
520 355 659 396 passim
688 352 815 390 obvio,
844 363 941 388 certe
968 353 1111 399 pridem
1141 352 1305 386 adfuisse
1323 375 1331 390 ,
1356 351 1468 384 hodie
1498 357 1624 383 autem

155 427 199 462 ab
227 439 271 461 eo
300 427 423 461 soluta
468 425 519 456 ibi
556 434 779 461 occurrere,
831 424 1049 460 verosimile
1075 433 1145 461 est.
1239 424 1370 456 OmnIa
1400 429 1514 455 strata
1584 423 1626 452 in

155 498 318 534 Caronia
350 504 506 541 propter
530 505 658 528 amnes
685 493 872 537 majores,
923 505 966 530 ut
1006 496 1251 535 [lirzdavimffi
1287 498 1437 529 Diitzam
1470 491 1625 524 calcaria

153 578 298 613 semper
322 565 577 600 horizontalia
611 574 710 606 sunt,
738 577 778 613 ae
806 569 914 611 gypsi
946 565 1095 604 fibrosi‚
1115 567 1218 612 quod
1242 567 1302 600 hic
1323 575 1359 600 et
1382 565 1423 598 in
1449 561 1624 596 Livoniae

150 638 369 685 regionibus
410 637 583 682 pluribus
634 637 853 683 frequenter
883 636 1101 678 effodiunt,
1155 638 1268 671 nidos
1301 648 1388 671 sane
1414 633 1513 668 haud
1541 644 1626 666 raro

150 708 370 743 includunt.
451 709 739 755 Nonnunquam
792 713 886 744 acris
939 709 1094 743 influxu
1131 709 1437 754 deconipositum
1465 715 1627 752 gypsum

153 783 298 815 corruit
317 804 325 819 ‚
387 791 462 825 quo
501 792 684 813 cavernae
713 780 1007 818 subterraneae,
1060 791 1150 825 quas
1180 788 1299 813 terrae
1327 779 1428 812 labes
1480 777 1622 815 dicunt,

152 854 391 888 exoriuntun
476 852 606 884 Solum
637 851 783 888 deinde,
840 851 943 896 qnod
976 840 1202 895 sulphureae
1230 849 1341 897 gypsi
1360 856 1482 894 partes
1512 857 1626 894 pene..

149 929 274 960 traxit,
306 932 417 966 aquas
449 925 585 967 passim
619 922 845 966 sulphureas
872 921 1024 954 exhibet
1047 920 1219 965 frigidas,
1269 919 1370 953 unde
1395 919 1432 951 in
1461 919 1626 954 Cur-onia

145 995 366 1037 praesertim
391 992 658 1025 Baldohnenses
678 1000 715 1024 et
741 992 1045 1030 Smordanenses,
1069 991 1214 1025 etiamsi
1244 994 1392 1024 minore
1424 989 1619 1035 sulphuris

152 1066 359 1110 quantitate
384 1070 616 1110 praegnatae,
648 1070 868 1097 occurrunt·

811 1197 843 1241 §.
904 1195 965 1232 18.

198 1306 364 1350 Quarum
389 1301 550 1348 denique
569 1305 742 1335 omniurn
763 1301 1041 1335 formationum
1066 1306 1225 1333 aetatem
1243 1298 1410 1333 definere
1435 1307 1621 1343 superest.

148 1374 331 1419 Lapidem
347 1374 553 1407 arenarium
572 1380 608 1405 et
632 1374 838 1411 calcarium,
857 1377 919 1419 qui
936 1372 1164 1418 praevalent,
1191 1371 1236 1404 ad
1264 1378 1414 1404 montes
1431 1368 1622 1403 transitio-

146 1444 207 1478 nis
234 1452 398 1489 spectare
417 1444 518 1481 ,inde
534 1443 608 1486 jam
633 1451 746 1487 patet,
779 1443 883 1488 qiiod
911 1443 1010 1475 inter
1030 1453 1093 1474 eos
1111 1442 1259 1475 schistus
1277 1441 1494 1473 nlumz'naris
1510 1448 1545 1473 et
1560 1439 1626 1473 ille

142 1515 351 1560 psammites
374 1515 626 1549 intercedunt.
655 1516 753 1559 Quae
771 1513 913 1547 scilicet
934 1521 1090 1558 utraque
1112 1511 1294 1546 formatio
1313 1514 1502 1544 montium
1522 1519 1623 1544 tran-

145 1586 295 1620 sitionis
325 1587 517 1631 antiquam
556 1583 723 1623 illorum,
753 1584 797 1617 ab
815 1595 854 1617 ea
869 1584 1107 1628 stipatorum,
1155 1584 1246 1616 licet
1270 1583 1461 1616 interdum
1486 1587 1525 1616 in
1552 1593 1627 1617 ter-

145 1668 238 1691 reno
256 1656 427 1691 minusve
442 1661 638 1701 compacto
664 1653 794 1688 habitu
812 1653 1147 1698 deprehensorum,
1166 1661 1322 1688 aetatem
1351 1655 1485 1698 prodat
1511 1668 1626 1702 opos-

146 1735 216 1763 tet.
244 1727 393 1762 Nullibi
412 1734 536 1760 autem
560 1725 723 1760 schistus
746 1724 968 1759 aluminaris
991 1736 1030 1758 ac
1048 1726 1278 1770 psammites,
1297 1728 1369 1757 nisi
1391 1729 1428 1758 in
1445 1725 1627 1763 Esthonia

145 1800 190 1834 ad
216 1800 446 1834 Revalensem
488 1808 593 1831 oram
617 1805 653 1830 et
678 1797 723 1829 ad
753 1797 979 1842 Petropolin,
1010 1795 1056 1828 ad
1080 1799 1200 1840 ripam
1218 1797 1331 1844 rivuli
1355 1808 1473 1840 prope
1496 1797 1624 1831 vicum

151 1871 390 1906 Roschlevam
418 1879 527 1914 supra
552 1866 716 1912 lapidem
739 1870 951 1901 arenarium
972 1873 1008 1900 et
1019 1865 1116 1899 infra
1138 1866 1336 1899 calcarium
1354 1867 1489 1900 clarius
1517 1880 1625 1914 appa-

150 1950 230 1979 ret,
280 1952 444 1987 quorum
473 1938 607 1972 deinde
633 1941 738 1983 prior
767 1942 808 1972 in
837 1937 991 1985 regione
1019 1937 1306 1983 Petropolitana
1333 1937 1394 1971 vel
1421 1936 1521 1971 infra
1547 1940 1621 1972 cal-

154 2015 295 2045 carium
346 2014 438 2045 situs
463 2018 530 2050 est,
583 2009 645 2043 vel
668 2020 754 2043 cum
781 2019 825 2042 eo
853 2009 1042 2044 alternans
1065 2009 1184 2043 immo
1213 2020 1324 2054 supra
1350 2019 1436 2041 eum
1480 2017 1623 2043 stratus

150 2094 232 2117 esse
256 2082 428 2123 videtur,
480 2080 580 2115 unde
607 2083 673 2113 uni
719 2079 915 2126 eidemque
962 2083 1070 2115 aetati
1105 2083 1302 2126 utriusque
1332 2079 1521 2124 originem
1542 2079 1624 2123 jure

1390 2130 1413 2161 d
