2078 2675
1032 223 1258 262 ..152—

925 320 1154 371 (Explicatio
1187 315 1264 348 Tab.
1292 310 1366 352 V.)

413 427 514 462 Haec
562 422 689 456 tabula
739 423 885 452 exarata
930 420 987 447 est
1011 407 1057 443 ad
1100 407 1312 451 analogiam
1347 389 1608 433 Trilobitarum
1655 396 1744 422 cum
1775 382 1876 417 hisce

468 503 732 530 crustaceorum
757 484 956 537 generibus
986 476 1272 515 ostendendam.

418 600 452 626 ι.
482 588 680 623 Idotea
731 584 916 617 Entomon
955 576 1112 609 Latus

531 663 699 704 Corpore
737 648 1074 698 elongato-ovatoi
1114 641 1316 688 segmentis
1378 625 1582 668 lateraliter
1632 620 1883 670 prominulis;

470 732 584 767 cauda
614 731 744 763 conica
774 724 964 768 elongata.

469 806 627 838 Oniscus
658 802 878 834 Entomon,
946 788 1044 822 Lin
1063 799 1099 821 n.
1156 785 1254 828 Syst.
1283 787 1360 816 nat.
1389 776 1449 813 ed.
1477 784 1538 809 ια.
1571 783 1602 806 ι.
1637 779 1670 805 2.
1698 778 1736 812 P.
1774 765 1887 801 1060.

475 873 686 920 Cymothoa
718 871 931 903 Entomon‚
974 862 1006 897 F
1025 871 1048 892 a
1067 858 1087 892 b
1106 870 1136 894 r.
1162 859 1250 892 Ent.
1275 861 1367 900 syst.
1394 855 1442 885 11.
1468 845 1561 884 505.

426 960 462 985 2.
499 949 526 981 S
542 958 564 991 p
584 944 605 977 h
623 956 644 976 a
662 954 679 976 e
695 954 713 974 r
730 951 750 974 o
770 951 806 972 m
823 949 846 970 a
905 933 1112 968 aculeatum
1130 952 1139 969 ,
1176 941 1227 965 m.

528 1014 650 1049 Gauda
679 1008 925 1046 biarticulata,
957 1011 1120 1047 utroque
1150 998 1311 1034 articulo
1344 993 1563 1035 coniuncto,
1593 988 1718 1032 primo
1746 984 1892 1027 postico

479 1094 521 1124 in
549 1090 712 1132 longum
751 1083 970 1113 excurrente
1002 1083 1225 1118 processum
1257 1065 1561 1103 aculeiformem,
1589 1053 1773 1092 secundo,
1805 1064 1894 1086 con-

479 1171 592 1198 cavo,
623 1155 781 1191 latiore,
824 1151 1002 1191 utrinque
1030 1142 1076 1177 ad
1098 1141 1308 1189 marginem
1336 1139 1476 1173 lamina
1505 1129 1616 1165 tereti
1642 1124 1778 1163 mobili
1800 1125 1897 1168 bias?

480 1233 634 1270 ticulata
664 1231 766 1260 intus
793 1222 903 1257 flexa,
935 1215 1115 1263 praedita.

534 1317 567 1340 a.
595 1300 822 1347 Sphaeroma
844 1292 1064 1326 aculeatum,
1097 1281 1359 1333 magnitudine
1386 1274 1550 1313 naturali

534 1377 570 1410 b.
603 1385 622 1406 a
647 1372 761 1404 latere
792 1359 1041 1408 magnitudine
1071 1365 1232 1392 auctum.

533 1461 565 1483 c.
594 1456 612 1477 a
641 1442 756 1475 dorso

535 1520 571 1555 d.
603 1517 646 1551 ab
666 1506 854 1547 inferiori.

535 1603 569 1625 e.
599 1591 710 1633 eaput
735 1581 779 1614 ab
804 1578 924 1613 antica
951 1581 1056 1620 parte
1085 1575 1210 1608 visum
1247 1566 1368 1602 adhuc
1393 1561 1512 1610 magis
1543 1566 1694 1594 auctum

539 1661 569 1697 f.
595 1665 706 1703 caput
733 1666 752 1687 a
772 1654 902 1686 latere.

440 1740 538 1773 Tota
566 1739 689 1767 autem
717 1719 887 1768 corporis
910 1710 1219 1766 Sphaeroniatum
1242 1707 1462 1758 superficies
1484 1700 1665 1750 rugulosa
1696 1705 1753 1733 est
1771 1719 1780 1735 ,
1830 1706 1907 1742 seg-

489 1808 628 1841 mentis
657 1792 871 1833 abdominis
898 1793 1020 1825 amice
1058 1787 1228 1823 laevibus
1248 1810 1257 1824 ,
1309 1778 1488 1816 sulcatis,
1521 1773 1666 1822 postice
1688 1768 1878 1816 rugulosis
1897 1792 1906 1808 ,

493 1873 660 1911 elevatis,
691 1867 737 1902 ad
763 1866 862 1899 latus
888 1861 1067 1908 utrinque
1093 1854 1357 1892 incisionibus,
1392 1848 1623 1884 divisionem
1651 1842 1910 1877 Trilobitarum

496 1938 816 1993 longitudinalem
838 1931 1109 1969 indicantibus,
1138 1923 1415 1975 aliquantulum
1445 1915 1602 1953 notatis,

447 2020 571 2065 Caput
596 2009 776 2061 peculiari
794 2005 926 2046 modo,
944 2012 987 2038 ut
1005 2007 1045 2037 in
1065 2001 1223 2047 Asaphis
1246 1998 1335 2034 fere.
1361 1992 1482 2027 amice
1503 1985 1693 2024 conflatur
1714 1997 1761 2019 ex
1785 1985 1913 2018 temti-

501 2091 572 2124 bus
601 2084 744 2122 duabus
765 2082 929 2118 laminis,
956 2076 1024 2112 sub
1042 2073 1182 2120 angulo
1202 2070 1340 2106 obtuso
1364 2065 1433 2100 sibi
1450 2061 1613 2098 invicem
1630 2057 1912 2104 approximatis.

991 2185 1398 2211 m
