2062 2675
1066 148 1279 178 ..³2-

428 253 529 289 bant,
554 257 617 284 tot
650 252 764 283 etiam
795 247 933 294 pedum
963 244 1127 281 adfuisse
1148 245 1368 279 verosimile
1388 254 1454 285 est,
1482 248 1521 278 in
1544 245 1601 278 his
1623 244 1737 290 igitur
1766 252 1908 289 septem

428 325 490 360 vel
514 330 601 356 octo
621 323 697 361 ..in
746 321 823 355 illis
864 321 994 354 decem
1022 326 1059 352 et
1082 317 1208 360 ultra;
1258 321 1298 352 in
1336 316 1550 366 isopodz'bus
1580 323 1703 348 autem
1730 314 1907 348 omnibus

432 402 608 440 septenus
632 403 814 426 numerus
839 399 1015 426 constans
1038 396 1103 427 est,
1135 398 1177 424 ut
1196 392 1236 423 in
1259 391 1415 436 onisco,
1433 390 1604 430 Idothea,
1626 386 1899 432 Sphaeromate,

440 475 598 512 quarum
620 471 762 509 septem
785 462 998 497 abdominis
1026 469 1215 506 segmenta
1238 471 1377 508 septem
1395 465 1514 509 pedes
1543 460 1781 497 suffulciunt.

1085 658 1130 703 '§.
1180 658 1247 698 '30-

1212 696 1229 705 ψ

488 786 622 821 Omnia
651 793 840 833 segmenta
860 783 1074 820 abdominis
1103 785 1364 821 Trilobitorzzm
1402 785 1560 820 omnino
1585 786 1662 822 fere
1688 784 1825 821 similia
1848 788 1904 818 in-

436 869 492 894 ter
515 870 553 894 se
596 864 703 892 erant
723 882 731 898 ,
777 860 901 903 primo
926 865 1051 891 tamen
1074 857 1213 903 passim
1237 868 1369 902 parum
1398 861 1580 891 crassiore
1605 867 1777 902 excepto,
1801 866 1843 891 ut
1866 862 1906 892 in

439 929 676 977 isopodibu5‚
727 927 766 961 in
790 928 927 973 quibus
951 928 1118 973 primum
1146 927 1257 962 etiam
1288 936 1522 975 segmentum
1546 931 1701 963 crassius
1727 938 1763 963 et
1786 928 1905 973 majus

431 1005 603 1051 reliquis,
625 1002 746 1034 amice
770 1008 893 1033 tamen
917 1002 1094 1046 utrinque
1122 999 1167 1033 ad
1190 1000 1395 1046 marginem
1420 1003 1583 1033 excisum
1601 1007 1665 1037 est,
1693 1012 1761 1046 pro
1786 1001 1903 1044 majo—

426 1077 536 1111 ribus
557 1073 839 1119 ·Sphaeromatis
884 1072 1004 1105 oculis
1027 1070 1249 1106 condendis.
1341 1073 1558 1105 memoratu
1584 1071 1716 1105 deinde
1745 1071 1902 1117 dignum

428 1155 485 1182 est
508 1146 547 1179 in
573 1146 645 1178 hoc
670 1155 814 1192 genere,
874 1142 1056 1177 Trilobius
1078 1142 1167 1176 alias
1193 1142 1284 1175 adeo
1325 1140 1451 1179 affine,
1476 1144 1685 1187 posteriora
1711 1150 1900 1185 segmenta

427 1215 642 1253 abdominis
685 1215 761 1248 alio
785 1224 942 1261 prorsus
967 1212 1083 1246 modo
1102 1224 1213 1259 quam
1234 1215 1424 1246 anteriora
1447 1225 1528 1247 esse
1546 1213 1734 1252 fabricata,
1761 1221 1802 1245 ut
1828 1213 1901 1246 hoc

426 1303 472 1325 ex
496 1286 812 1332 descriptionibus
834 1286 904 1320 cel.
930 1285 1093 1321 Triste-mi
1107 1281 1144 1331 *)
1163 1291 1288 1329 patet3
1327 1292 1474 1318 sextum
1495 1285 1638 1319 scilicet
1662 1293 1899 1330 segmentum

427 1359 678 1396 anterioribus
692 1358 850 1392 crassius
868 1359 988 1393 media
1003 1363 1106 1403 parte
1124 1355 1266 1401 postice
1284 1358 1324 1387 in
1344 1359 1467 1401 apices
1485 1355 1580 1390 duos
1593 1356 1783 1400 parvulos,
1806 1355 1899 1389 utin

431 1434 521 1478 Sph.
548 1429 816 1477 micracantho,
852 1430 972 1465 modo
989 1427 1259 1462 crassissimum
1275 1429 1313 1458 in
1335 1425 1426 1459 duas
1442 1430 1566 1471 spinas
1581 1427 1834 1472 *longissimas
1860 1436 1902 1461 ut

424 1505 467 1538 in
489 1503 577 1548 sph.
594 1503 746 1551 didymo
769 1502 1000 1547 elongatum,
1018 1506 1214 1544 septenum
1231 1496 1425 1543 angustius
1443 1501 1545 1544 tegit.
1569 1497 1787 1531 Latitudine
1807 1510 1897 1533 vero

426 1578 553 1609 omnia
569 1577 667 1607 inter
697 1584 735 1606 se
755 1572 920 1619 aequalia
944 1579 1033 1606 sunt
1049 1595 1059 1615 ,
1084 1572 1200 1614 capite
1222 1576 1346 1601 tamen
1364 1567 1552 1614 caudaque
1564 1572 1791 1615 angustiora,
1814 1581 1899 1604 cum

422 1653 552 1680 contra
577 1648 617 1677 in
641 1642 864 1687 stapedibus,
887 1645 982 1677 utin
1003 1642 1171 1680 Idothea,
1200 1641 1342 1678 onisco,
1362 1640 1481 1673 media
1499 1641 1632 1674 latiora
1653 1663 1667 1686 ,
1716 1644 1836 1675 antica
1862 1650 1897 1675 et

420 1718 565 1765 postica
582 1715 813 1762 angustiora,
826 1714 938 1748 cauda
955 1718 1147 1760 capiteque
1162 1714 1438 1757 angustissimis
1453 1741 1460 1753 ,
1486 1715 1524 1744 in
1535 1710 1798 1754 §phaeromatc
1815 1725 1897 1749 om..

418 1790 482 1823 nia
520 1789 655 1823 similis
689 1799 774 1822 cum
794 1785 910 1820 cauda
927 1784 1070 1830 majore
1086 1785 1312 1828 latitudinis,
1324 1793 1361 1818 at
1376 1794 1492 1830 parvo
1511 1783 1628 1828 capite
1643 1783 1778 1818 latiora
1795 1794 1898 1822 sunt.

423 1872 948 1887 Μ-

424 1927 464 1969 ¹¹¹)
505 1927 597 1959 Jules
624 1926 662 1955 de
693 1927 847 1964 Tristan,
897 1939 952 1959 sur
979 1931 1136 1971 quelques
1160 1931 1300 1962 innectes
1323 1927 1482 1960 crustaces
1507 1926 1636 1958 trouve's
1660 1938 1714 1958 sur
1742 1930 1786 1960 les
1811 1929 1897 1961 cotes

530 1980 574 2009 du
596 1979 723 2016 Poitou,
751 1981 784 2009 in
814 1982 934 2013 Annali
965 1984 1009 2013 du
1033 1995 1182 2014 museum
1212 1985 1365 2015 dhistore
1386 1982 1677 2018 naturelle,.Tom.
1705 1983 1795 2014 ΧΙΙΙ.ι
1822 1984 1893 2025 Fig.

528 2043 556 2063 ι.
583 2043 612 2063 2.
644 2034 675 2063 3.
706 2034 862 2064 Numerat
883 2036 1015 2075 quidem
1044 2047 1169 2077 temper
1196 2045 1268 2067 octo
1291 2043 1453 2075 segmenta
1467 2035 1661 2073 abdominis,
1687 2044 1718 2066 at
1741 2045 1896 2068 octavum

529 2086 640 2126 potius
664 2095 867 2126 segmentum
895 2092 1017 2120 caudae
1056 2091 1236 2121 decendum
1262 2099 1321 2130 est,
1345 2100 1421 2121 nam
1449 2090 1558 2120 nullu·
1580 2099 1635 2131 pes
1659 2091 1687 2120 ei
1712 2090 1892 2131 inseritur3

524 2140 640 2170 adsunt
663 2139 785 2169 scilicet
808 2150 930 2183 septem
954 2143 1181 2175 tantummodo
1205 2143 1312 2184 pedes.
