2078 2675
734 76 951 111 ...39-

103 186 246 212 matum
271 175 452 209 annulato
476 185 660 219 corpore,
696 184 817 218 eoque
854 171 977 205 multo
998 170 1152 206 latiore,
1184 167 1321 215 gaudet
1339 189 1347 204 ‚
1379 163 1479 211 quod
1506 166 1570 197 vix

99 254 141 283 in
182 246 367 283 Trilobitis
411 246 589 281 occurrit.
657 244 967 279 Memorabiliora
991 251 1115 275 autem
1141 252 1230 275 sunt
1249 237 1472 284 corpuscula
1496 236 1568 269 alia

101 321 288 365 elongata,
317 329 502 352 cornuum
521 316 641 350 instar
665 320 802 362 passim
820 323 972 350 curvata
997 323 1033 347 et
1054 314 1195 359 apicem
1215 323 1345 347 versus
1363 317 1564 348 attenuata,

103 391 291 428 annulata,
310 400 402 434 quae
420 399 492 420 una
506 398 591 420 curn
604 387 674 421 illo
694 388 866 421 Trilobito
886 387 1009 422 obvia,
1030 386 1101 420 cel.
1118 396 1135 416 a
1160 383 1377 418 Sclzlotheim
1398 394 1466 427 pro
1489 381 1566 423 ejus

99 462 299 495 tentaculis
325 460 537 498 declaravit,
558 470 673 505 eaque
700 459 916 493 lateralibus
940 456 1154 490 eminentiis
1172 456 1363 494 insedisse,
1383 458 1413 487 ei
1433 453 1568 500 proba-

100 531 175 564 bile
191 532 352 566 videtur.
381 533 522 565 Tamen
541 544 580 565 ea
597 532 640 566 ab
665 532 735 565 illo
757 530 969 578 sejungens,
1000 530 1241 564 Tenem-alites
1267 528 1445 561 scalarem
1462 549 1470 562 ,
1503 535 1567 556 an-

97 591 269 636 nulatum
290 610 326 635 et
344 603 564 638 Corniclitem
581 604 811 649 serpularem
838 598 872 644 *)
889 605 1172 650 cognominavit
1210 603 1311 646 Quae
1339 609 1430 632 vero
1454 596 1564 630 nullo

97 673 215 707 modo
239 674 323 707 illas
352 674 611 709 Trilobitorum
634 684 756 721 partes
776 698 785 713 .
830 673 908 706 imo
931 675 1057 720 potius
1092 681 1204 707 testas
1234 671 1413 704 calcareas
1453 680 1568 702 armu-

99 745 270 786 latorum,
297 754 339 779 ut
363 747 546 787 Dentalii,
575 746 815 784 exhiberent3
873 744 978 788 cujus
1013 745 1164 792 quidem
1195 746 1335 787 species
1370 750 1462 776 testa
1481 741 1568 774 lon-

97 818 354 863 gitudinaliter
382 826 418 850 et
461 819 601 863 passim
628 816 819 863 profunde
855 817 1017 852 sulcatae
1042 825 1131 851 sunt
1149 840 1160 857 ,
1209 827 1296 848 cum
1325 814 1567 848 Tentaculites

96 889 155 921 illi
178 898 388 924 transverse
435 890 581 928 sulcati,
636 891 740 935 quasi
770 888 942 921 annulati
965 888 1028 922 vel
1055 895 1134 921 tota
1160 887 1401 934 longitudine
1423 885 1566 931 regula-

97 959 188 993 riter
216 961 394 994 coarctati
417 963 508 994 sint.
563 960 673 1007 Quod
694 967 817 992 autem
842 959 871 992 ii
896 971 969 992 una
999 972 1085 993 cum
1117 960 1298 994 Trilobitis
1327 967 1363 992 et
1391 958 1564 1005 Dudley-

96 1031 175 1063 anis
235 1039 271 1064 et
298 1031 549 1066 Gotlilanclicis
572 1042 717 1075 semper
741 1030 968 1071 obveniant,
994 1031 1139 1065 nullius
1167 1033 1351 1064 momenti
1373 1034 1411 1063 in
1436 1030 1481 1063 iis
1507 1029 1565 1063 de-

94 1101 274 1137 finiendis
297 1111 362 1142 est,
396 1098 482 1137 cum
513 1110 549 1136 et
571 1102 643 1136 alia
670 1101 846 1135 animalia
874 1101 952 1137 illis
975 1103 1157 1137 associata
1182 1113 1261 1137 esse
1292 1102 1455 1136 soleant.

751 1282 783 1326 §-
837 1282 902 1328 45.

151 1391 295 1422 Tamen
324 1391 363 1424 in
388 1391 591 1436 specimine
610 1388 763 1422 calcarei
788 1389 924 1434 lapidis
949 1386 1349 1422 transitionisinsulae
1380 1388 1561 1424 Gothlan-

94 1463 188 1504 diae,
215 1465 253 1494 in
281 1464 409 1496 IWuseo
438 1462 627 1508 zoologico
655 1460 855 1494 Caesareae
885 1462 1136 1497 Universitatis
1162 1460 1374 1494 Casanensis
1397 1469 1557 1498 servato,

95 1535 188 1567 aliae
212 1541 347 1578 partes,
374 1532 631 1567 Trilobitorum
655 1532 790 1577 procul
814 1532 931 1565 dubio
951 1531 1137 1569 dicendae,
1162 1530 1294 1564 obviae
1320 1540 1436 1569 erant,
1466 1543 1559 1577 quae

95 1613 201 1638 antea
224 1605 263 1638 in
287 1604 570 1638 conscribendis
615 1604 672 1636 his
708 1603 1037 1636 observ-itionibus
1070 1611 1224 1637 nostros
1253 1604 1387 1636 oculos
1416 1602 1562 1650 effuge-

91 1684 242 1723 gerant.
319 1680 421 1709 Inter
449 1676 575 1721 plures
602 1686 736 1719 nempe
759 1673 1079 1708 Terebratularum
1107 1679 1246 1720 species
1276 1687 1315 1708 ac
1343 1678 1558 1722 Milleporas

98 1744 358 1782 Trilobitorzmz
386 1747 551 1781 duorum
573 1746 686 1782 cauda
706 1745 1096 1792 articulatapedesque
1124 1747 1198 1781 duo
1228 1749 1426 1789 articulati,
1463 1761 1554 1796 quo·

91 1907 128 1947 ³)
173 1908 373 1989 Schlaefwtlzeim
390 1930 399 1945 ,
421 1908 474 1938 die
497 1907 826 1952 Petrqfactenltunde
845 1913 866 1945 l.
897 1923 927 1947 c.
949 1924 980 1954 p.
1010 1917 1066 1956 48.
1089 1925 1123 1956 p,
1152 1918 1228 1956 377.
1253 1917 1335 1950 Tab.
1362 1918 1439 1951 XXI
1466 1920 1491 1950 X
1511 1921 1543 1953 f.

195 1961 227 1991 b.
267 1980 279 1993 ι
302 1963 334 1994 8.
360 1972 393 1993 a.
421 1963 452 1996 b.
476 1962 501 1994 f.
528 1972 560 2001 1.
