2062 2675
1094 108 1312 137 ⁴-38—

379 212 536 247 asellum
561 207 723 248 accedit,
751 202 856 247 cujus
882 202 1048 236 aemulae
1063 201 1103 235 in
1117 203 1384 238 recentissimis
1401 203 1525 238 stratis
1543 213 1735 250 margaceo
1750 214 1844 250 gyp-

382 284 453 317 seis
481 280 734 316 Parisiensibus
760 284 987 313 occurrunt,
1019 286 1104 308 cum
1138 274 1298 318 Trilobsst}
1336 287 1465 310 omnes
1491 287 1536 309 ex
1564 274 1729 319 antiquis
1754 274 1841 308 hue-

380 364 498 399 usque
543 348 839 386 formationibus
860 347 991 382 effossi
1022 350 1107 381 sint.
1184 346 1305 381 Cauda
1330 347 1435 382 illius
1455 347 1636 384 animalis,
1674 349 1714 378 in
1738 349 1845 379 icone

381 425 455 458 lata
475 423 628 469 depicta,
656 422 757 457 striis
784 421 1007 454 transversis
1034 428 1164 455 notata
1190 423 1316 467 potius
1334 419 1546 454 abdominis
1569 425 1758 465 segmenta
1774 442 1782 457 ,
1804 424 1847 450 ut

383 498 422 528 in
452 495 583 530 Onz'sco
609 498 765 531 sisteret,
810 495 862 525 ita
897 500 938 524 ut
964 493 1118 537 parvula
1157 491 1271 526 cauda
1300 495 1331 524 ei
1374 490 1486 534 hujus
1514 494 1631 524 instar
1664 488 1844 522 adfuerit.

383 570 512 613 Itaque
539 565 662 601 forma
692 564 876 613 generalis
906 574 992 597 eum
1018 574 1063 594 ex
1096 570 1180 595 toto
1209 574 1227 596 a
1261 560 1443 596 Trilobitis
1464 569 1636 598 amovet,
1685 572 1732 594 ne
1755 559 1847 606 quid

382 638 428 672 de
455 646 602 672 recente
623 636 758 683 lapide,
785 638 825 667 in
850 645 925 680 quo
958 636 1143 672 occurrit,
1171 634 1354 668 dicamus.
1429 633 1539 680 Quod
1566 632 1700 667 deinde
1731 632 1849 666 Trilo-

383 709 497 743 bitum
525 708 814 743 bituminosam,
844 704 1008 738 formam
1037 703 1242 738 admodum
1265 705 1491 750 paradoxam
1514 728 1522 742 ‚
1576 712 1726 750 spectat,
1760 715 1846 736 eum

380 781 510 827 potius
537 781 584 814 ob
610 778 709 812 hand
734 789 884 823 parvam
908 775 1198 811 similitudinem
1216 787 1301 809 cum
1339 787 1436 810 cono
1456 776 1632 810 arborum
1665 774 1852 809 conifera-

383 866 470 889 rum
500 861 617 898 regno
645 849 848 896 vegetabili
873 851 1081 882 inseramus
1107 855 1324 892 oporteret,
1357 859 1442 881 cum
1470 858 1644 892 squamae
1667 846 1847 892 singulae,

384 934 425 960 ut
451 926 491 958 in
519 924 588 957 illo
610 945 619 962 ,
645 924 807 955 invicem
831 929 1036 967 sertegant.
1113 918 1372 952 Trilobitorum
1407 926 1532 951 autem
1555 930 1691 963 corpus
1711 941 1720 959 ‚
1776 918 1851 952 alio

382 1006 537 1042 prorsus
560 991 675 1027 modo'
705 996 906 1038 segmentis
929 993 1102 1031 divisum,
1159 997 1196 1023 et
1223 998 1334 1035 caput
1366 999 1401 1024 et
1430 990 1593 1028 caudam,
1620 1002 1712 1036 quae
1737 995 1778 1023 in
1806 1002 1852 1025 eo

385 1065 654 1102 desiderantur,
683 1063 833 1098 exhibet
850 1061 900 1112 ἢ.

1050 1197 1084 1241 5·
1133 1197 1193 1242 44-

434 1307 539 1340 Idem
570 1304 650 1339 fere
675 1304 776 1342 valet
813 1304 857 1338 de
893 1303 1068 1339 Trilobito
1097 1302 1326 1336 tentaculato
1344 1327 1353 1343 ,
1371 1300 1430 1346 *ἢ
1460 1303 1524 1348 qui
1551 1312 1673 1344 certe,
1729 1307 1760 1340 si
1778 1308 1853 1342 huc

383 1382 557 1424 pertinet,
589 1377 786 1422 proprium
808 1389 925 1424 genus
948 1375 1181 1410 constituere
1209 1373 1345 1421 debet3
1397 1385 1486 1408 nam
1512 1385 1623 1421 caput
1639 1380 1747 1412 aliter
1774 1379 1852 1413 for-

384 1517 420 1560 ιιι)
467 1519 506 1547 In
531 1525 624 1546 vasto
651 1527 748 1556 regno
774 1519 931 1556 animali,
979 1519 1041 1549 nisi
1067 1529 1143 1549 cum
1166 1518 1322 1556 Manide,
1348 1529 1379 1550 v,
1406 1518 1519 1557 Oli-en,
1545 1519 1619 1558 Isis,
1646 1521 1685 1551 V.
1711 1526 1792 1560 1324
1818 1534 1852 1565 p.

489 1573 569 1609 534,
593 1580 667 1599 eum
691 1573 880 1608 contuleris,
931 1573 986 1602 vix
1007 1572 1102 1601 aliam
1127 1572 1292 1601 invenires
1319 1572 1540 1611 affinitatem;
1565 1582 1669 1613 eoque
1694 1584 1854 1606 memora-

490 1626 588 1654 bilius
615 1631 662 1652 est
676 1646 683 1660 ‚
713 1624 832 1653 animal
851 1625 1013 1656 inferioris
1040 1631 1126 1654 certe
1145 1624 1269 1670 ordinis
1292 1626 1395 1666 quoad
1413 1633 1577 1655 externam
1602 1625 1740 1658 formam
1755 1639 1850 1670 supe·

485 1678 568 1707 riora
591 1678 832 1718 quodammodo
855 1679 1017 1712 accedere.

384 1770 440 1812 Η)
485 1773 561 1803 Sclzl
585 1774 697 1811 theim,
729 1776 898 1814 Nachtri‘zg
908 1787 932 1812 e,
952 1776 1073 1806 zwei'te
1090 1778 1182 1810 Abih.
1204 1790 1237 1819 p.
1269 1779 1320 1808 38.
1341 1774 1513 1806 emendare
1529 1775 1655 1805 studuit
1684 1786 1824 1810 errorem
1842 1803 1851 1818 ‚

489 1827 628 1865 lapidem
658 1828 842 1863 calcarium,
871 1838 967 1867 quem
994 1830 1135 1869 habitat,
1159 1844 1224 1862 nou
1251 1829 1476 1859 formationem
1500 1830 1722 1859 secundarium
1740 1852 1749 1868 ,
1795 1835 1851 1863 sed

489 1880 711 1920 transitionis,
747 1882 821 1911 licet
849 1883 1038 1913 recentioris
1063 1887 1174 1914 aetatis
1197 1886 1330 1922 sistere,
1357 1891 1553 1924 quapropter
1571 1904 1580 1918 ,
1622 1883 1646 1912 si
1678 1885 1852 1917 Trilobitis

491 1934 755 1964 adnumerandus
779 1944 824 1965 est
840 1957 848 1972 ‚
883 1937 917 1965 in
943 1937 1055 1965 eadem
1081 1939 1244 1970 montium
1265 1938 1461 1970 formatione
1483 1937 1598 1969 obvius
1614 1959 1622 1975 ,
1653 1946 1707 1968 eos
1735 1939 1794 1970 hac
1816 1940 1854 1970 in

488 1997 521 2017 re
546 1998 612 2019 non
636 1991 788 2028 turbant,
809 2000 840 2021 x.
865 2001 966 2029 snpra
989 2001 1109 2031 p.190
