2078 2675
769 108 987 139 -23—

137 224 263 266 autem
290 215 468 255 definere,
501 216 694 263 hucusque
721 210 896 247 nondum
918 209 1026 245 licuit
1050 234 1058 250 ,
1116 222 1201 246 cum
1224 220 1420 246 auctorum
1457 211 1525 248 hac
1573 211 1617 247 de

136 301 176 322 re
207 300 320 335 opera
343 289 456 323 nobis
482 288 620 324 desint.
642 292 746 321 Inter
768 283 908 330 species
941 282 1110 318 laevibus
1134 285 1254 318 valvis
1282 283 1494 318 obveniunt
1512 285 1618 326 aliae,

136 361 317 408 utrinque
345 371 560 399 convexae,
614 359 723 394 valva
748 359 947 403 superiore
984 355 1087 400 apice
1116 364 1289 402 pertusa,
1336 358 1381 392 ad
1409 361 1619 405 marginem

138 441 355 469 transverse
381 431 509 467 striata
536 440 573 466 et
596 430 827 478 prominula,
861 437 1056 476 concava3
1111 428 1295 464 inferiore
1323 432 1457 464 excisa.
1513 429 1619 465 Aliae

138 506 336 552 elongatae
361 503 693 552 longitudinaliter
747 511 785 536 et
829 501 1018 536 subtiliter
1042 499 1196 547 quidem
1218 501 1368 536 striatae
1387 526 1396 543 ‚
1446 506 1616 549 margine

135 577 328 619 dentatae,
358 585 395 611 at
435 585 478 611 ut
507 576 718 623 plurimum
745 586 856 610 cavae
890 572 1079 620 crystallis
1111 573 1236 619 spathi
1270 576 1417 610 calcarii
1441 576 1620 623 repletae.

133 649 238 684 Aliae
289 649 377 683 dein
423 648 758 695 longitudinaliter
799 658 930 693 grosse
979 649 1128 680 striatae
1174 655 1287 685 sunt,
1359 649 1467 684 valva
1510 662 1622 697 supe-

135 725 236 755 riore
264 721 309 755 ad
338 722 548 769 marginem
599 731 732 766 parum
759 728 923 753 concava
952 727 989 751 et
1016 719 1234 765 proniinula
1255 743 1263 759 ⁷
1314 720 1494 756 inferiore
1524 735 1616 758 vero

134 795 268 834 excisa,
298 803 455 840 utraque
482 793 648 829 dentata.
709 796 752 825 In
783 790 866 824 aliis
895 789 1104 833 majoribus
1128 795 1289 827 omnino
1312 793 1493 828 teretibus
1507 795 1617 829 valva

137 867 312 912 superior
332 868 434 912 apice
462 873 615 910 pertusa
645 863 829 898 inferiore
857 863 986 898 minor
1010 889 1018 903 ,
1068 872 1226 911 utraque
1254 878 1342 901 vero
1369 867 1618 902 subtilissime

139 939 266 974 striata
293 948 329 973 et
356 938 506 971 dentata
557 943 637 976 esti
694 939 797 972 striis
824 939 986 971 curvatis
1008 950 1020 985 ;
1079 937 1303 985 magnitudo
1358 939 1404 973 ad
1451 948 1616 986 quatuor

136 1010 256 1045 lineas
283 1010 438 1045 accedit.
535 1008 639 1043 Aliae
668 1020 785 1054 porro
816 1008 950 1053 planae
976 1008 1121 1055 apicem
1146 1009 1276 1043 valvae
1296 1014 1502 1056 superioris
1531 1024 1617 1058 per-

86 1083 89 1086 '
131 1090 259 1116 tusum
285 1081 488 1116 admodum
503 1080 765 1126 prominulum
787 1078 974 1120 offerunt,
1006 1091 1047 1113 ac
1064 1079 1180 1114 modo
1205 1081 1400 1128 elongatae
1422 1084 1617 1130 modoque

132 1155 321 1197 dilatatae,
343 1156 430 1189 illae
455 1166 502 1188 ex
522 1160 606 1187 toto
636 1164 837 1191 convexae,
882 1153 951 1186 hae
968 1164 1060 1187 vero
1080 1153 1207 1188 medio
1230 1158 1401 1202 margine
1420 1159 1616 1202 utriusque

135 1229 265 1263 valvae
291 1239 475 1261 concavae
498 1232 601 1260 sunt.
681 1226 859 1259 Rariores
889 1228 1054 1271 satisque
1074 1223 1236 1269 majores
1264 1227 1614 1274 longitudinalibus

134 1301 248 1335 sulcis
295 1297 497 1346 profundis
546 1296 746 1343 formaque
788 1296 990 1331 valvarum
1020 1301 1182 1332 omnino
1210 1300 1392 1343 peculiari
1422 1300 1612 1347 gaudent;

134 1372 328 1418 superiore
348 1383 483 1416 nempe
507 1370 634 1404 medio
660 1375 862 1409 excavata,
913 1370 964 1403 ita
991 1379 1033 1405 ut
1063 1374 1257 1418 marginis,
1285 1376 1499 1419 permagnis
1524 1372 1619 1406 den-

131 1444 232 1478 tibus
261 1442 427 1476 fortibus
468 1440 650 1487 praediti,
703 1439 826 1473 media
856 1452 941 1486 pars
965 1441 1253 1487 quadridentata
1281 1445 1397 1491 longe
1421 1446 1609 1489 prosiliat,

132 1515 293 1551 inferior
333 1525 426 1548 vero
477 1523 644 1546 convexa
689 1511 812 1545 media
840 1521 946 1558 parte
997 1514 1178 1560 marginis
1206 1516 1414 1551 recedentis
1449 1526 1612 1563 quatuor

133 1588 306 1623 exhibeat
330 1588 550 1625 excisiones,
578 1596 649 1632 pro
679 1593 839 1631 quatuor
864 1583 942 1618 illis
965 1584 1142 1621 dentibus
1173 1587 1380 1633 superioris
1400 1589 1530 1625 valvae
1554 1601 1615 1623 re-

133 1659 375 1707 cipientibus.

783 1798 813 1842 §-
871 1809 933 1846 29.

186 1905 365 1952 Reliquae
387 1912 513 1939 autem
559 1904 700 1951 species
728 1905 772 1939 ab
803 1902 862 1940 liis
889 1907 1049 1940 omnino
1090 1904 1278 1940 differunt
1298 1930 1307 1944 ,
1355 1907 1607 1951 peculiaribus

135 1977 277 2011 idcirco
301 1977 503 2024 generibus
531 1978 777 2020 inserendam
825 1977 949 2011 valvis
969 1989 1104 2024 nempe
1131 1989 1174 2012 ut
1199 1977 1406 2022 plurimum
1440 1980 1606 2014 semicir-

136 2048 327 2085 cularibus
345 2050 678 2097 longitudinaliter
703 2049 855 2089 striatis„
886 2049 1022 2095 planis,
1039 2058 1075 2086 et
1096 2050 1248 2087 cardine
1275 2050 1606 2098 longitudinaliter
