<?xml version="1.0" encoding="UTF-8"?>
<!DOCTYPE html PUBLIC "-//W3C//DTD XHTML 1.0 Transitional//EN"
    "http://www.w3.org/TR/xhtml1/DTD/xhtml1-transitional.dtd">
<html xmlns="http://www.w3.org/1999/xhtml" xml:lang="en" lang="en">
 <head>
  <title>
</title>
<meta http-equiv="Content-Type" content="text/html;charset=utf-8" />
  <meta name='ocr-system' content='tesseract 3.04.00' />
  <meta name='ocr-capabilities' content='ocr_page ocr_carea ocr_par ocr_line ocrx_word'/>
</head>
<body>
  <div class='ocr_page' id='page_1' title='image "./deduardieichwald00eich_0013.png"; bbox 0 0 2078 2675; ppageno 0'>
   <div class='ocr_carea' id='block_1_1' title="bbox 766 130 956 162">
    <p class='ocr_par' dir='ltr' id='par_1_1' title="bbox 766 130 956 162">
     <span class='ocr_line' id='line_1_1' title="bbox 766 130 956 162; baseline -0.005 0"><span class='ocrx_word' id='word_1_1' title='bbox 766 130 956 162; x_wconf 67' lang='lat'>-5-</span> 
     </span>
    </p>
   </div>
   <div class='ocr_carea' id='block_1_2' title="bbox 130 229 1604 567">
    <p class='ocr_par' dir='ltr' id='par_1_2' title="bbox 130 229 1604 567">
     <span class='ocr_line' id='line_1_2' title="bbox 130 229 1604 285; baseline -0.005 -13"><span class='ocrx_word' id='word_1_2' title='bbox 130 237 297 285; x_wconf 82' lang='lat' dir='ltr'>parvulis</span> <span class='ocrx_word' id='word_1_3' title='bbox 324 238 448 271; x_wconf 81' lang='lat' dir='ltr'>stratis</span> <span class='ocrx_word' id='word_1_4' title='bbox 474 233 649 268; x_wconf 76' lang='lat' dir='ltr'>tenuibus</span> <span class='ocrx_word' id='word_1_5' title='bbox 666 255 676 273; x_wconf 83' lang='lat'>‚</span> <span class='ocrx_word' id='word_1_6' title='bbox 719 235 784 268; x_wconf 84' lang='lat' dir='ltr'>vix</span> <span class='ocrx_word' id='word_1_7' title='bbox 811 244 856 266; x_wconf 85' lang='lat' dir='ltr'>ex</span> <span class='ocrx_word' id='word_1_8' title='bbox 887 233 970 267; x_wconf 79' lang='lat' dir='ltr'>solo</span> <span class='ocrx_word' id='word_1_9' title='bbox 1000 235 1181 278; x_wconf 79' lang='lat' dir='ltr'>egressis,</span> <span class='ocrx_word' id='word_1_10' title='bbox 1238 229 1395 265; x_wconf 83' lang='lat' dir='ltr'>obvenit</span> <span class='ocrx_word' id='word_1_11' title='bbox 1423 241 1468 264; x_wconf 86' lang='lat' dir='ltr'>ex</span> <span class='ocrx_word' id='word_1_12' title='bbox 1494 229 1604 265; x_wconf 80' lang='lat' dir='ltr'><strong>flavo</strong></span> 
     </span>
     <span class='ocr_line' id='line_1_3' title="bbox 131 301 1603 350; baseline -0.007 -6"><span class='ocrx_word' id='word_1_13' title='bbox 131 309 289 347; x_wconf 81' lang='lat' dir='ltr'>albidus,</span> <span class='ocrx_word' id='word_1_14' title='bbox 314 310 412 346; x_wconf 87' lang='lat' dir='ltr'>licet,</span> <span class='ocrx_word' id='word_1_15' title='bbox 433 313 546 340; x_wconf 79' lang='lat' dir='ltr'>strata</span> <span class='ocrx_word' id='word_1_16' title='bbox 598 317 674 350; x_wconf 87' lang='lat' dir='ltr'>quo</span> <span class='ocrx_word' id='word_1_17' title='bbox 701 303 833 338; x_wconf 86' lang='lat' dir='ltr'>ordine</span> <span class='ocrx_word' id='word_1_18' title='bbox 860 303 1057 349; x_wconf 73' lang='lat' dir='ltr'><strong>gaudeant,</strong></span> <span class='ocrx_word' id='word_1_19' title='bbox 1094 301 1268 338; x_wconf 83' lang='lat' dir='ltr'><strong>nondum</strong></span> <span class='ocrx_word' id='word_1_20' title='bbox 1297 303 1347 336; x_wconf 84' lang='lat' dir='ltr'>sit</span> <span class='ocrx_word' id='word_1_21' title='bbox 1374 302 1603 336; x_wconf 79' lang='lat' dir='ltr'>determina-</span> 
     </span>
     <span class='ocr_line' id='line_1_4' title="bbox 131 370 1599 421; baseline -0.005 -5"><span class='ocrx_word' id='word_1_22' title='bbox 131 391 222 420; x_wconf 85' lang='lat' dir='ltr'>tum,</span> <span class='ocrx_word' id='word_1_23' title='bbox 245 393 327 416; x_wconf 90' lang='lat' dir='ltr'>cum</span> <span class='ocrx_word' id='word_1_24' title='bbox 359 378 399 411; x_wconf 90' lang='lat' dir='ltr'>in</span> <span class='ocrx_word' id='word_1_25' title='bbox 430 376 526 411; x_wconf 80' lang='lat' dir='ltr'>locis</span> <span class='ocrx_word' id='word_1_26' title='bbox 555 376 707 421; x_wconf 86' lang='lat' dir='ltr'>quidem</span> <span class='ocrx_word' id='word_1_27' title='bbox 731 375 936 408; x_wconf 80' lang='lat' dir='ltr'><strong>nonnullis</strong></span> <span class='ocrx_word' id='word_1_28' title='bbox 962 386 1047 407; x_wconf 85' lang='lat' dir='ltr'>cum</span> <span class='ocrx_word' id='word_1_29' title='bbox 1074 370 1236 408; x_wconf 79' lang='lat' dir='ltr'>calcario</span> <span class='ocrx_word' id='word_1_30' title='bbox 1264 371 1389 417; x_wconf 82' lang='lat' dir='ltr'>lapide</span> <span class='ocrx_word' id='word_1_31' title='bbox 1411 374 1599 408; x_wconf 79' lang='lat' dir='ltr'>alternare</span> 
     </span>
     <span class='ocr_line' id='line_1_5' title="bbox 133 442 1604 494; baseline -0.008 -6"><span class='ocrx_word' id='word_1_32' title='bbox 133 453 352 488; x_wconf 81' lang='lat' dir='ltr'>videantur,</span> <span class='ocrx_word' id='word_1_33' title='bbox 399 448 465 482; x_wconf 88' lang='lat' dir='ltr'>ubi</span> <span class='ocrx_word' id='word_1_34' title='bbox 493 451 623 494; x_wconf 81' lang='lat' dir='ltr'>potius</span> <span class='ocrx_word' id='word_1_35' title='bbox 651 454 766 481; x_wconf 79' lang='lat' dir='ltr'>strata</span> <span class='ocrx_word' id='word_1_36' title='bbox 788 445 942 479; x_wconf 77' lang='lat' dir='ltr'>calcaria</span> <span class='ocrx_word' id='word_1_37' title='bbox 974 445 1014 478; x_wconf 85' lang='lat' dir='ltr'>in</span> <span class='ocrx_word' id='word_1_38' title='bbox 1043 444 1108 478; x_wconf 83' lang='lat' dir='ltr'>illa</span> <span class='ocrx_word' id='word_1_39' title='bbox 1135 446 1175 481; x_wconf 88' lang='lat' dir='ltr'>vi</span> <span class='ocrx_word' id='word_1_40' title='bbox 1198 447 1374 476; x_wconf 78' lang='lat' dir='ltr'>immersa</span> <span class='ocrx_word' id='word_1_41' title='bbox 1399 442 1517 478; x_wconf 83' lang='lat' dir='ltr'>fuisse</span> <span class='ocrx_word' id='word_1_42' title='bbox 1543 456 1604 480; x_wconf 81' lang='lat' dir='ltr'>as..</span> 
     </span>
     <span class='ocr_line' id='line_1_6' title="bbox 131 515 1599 567; baseline -0.005 -9"><span class='ocrx_word' id='word_1_43' title='bbox 131 521 356 559; x_wconf 86' lang='lat' dir='ltr'>sumendum</span> <span class='ocrx_word' id='word_1_44' title='bbox 385 527 456 567; x_wconf 84' lang='lat' dir='ltr'>est;</span> <span class='ocrx_word' id='word_1_45' title='bbox 492 519 630 553; x_wconf 82' lang='lat' dir='ltr'><strong>nullibi</strong></span> <span class='ocrx_word' id='word_1_46' title='bbox 657 526 783 551; x_wconf 82' lang='lat' dir='ltr'><strong>tamen</strong></span> <span class='ocrx_word' id='word_1_47' title='bbox 829 515 922 549; x_wconf 84' lang='lat' dir='ltr'>alter</span> <span class='ocrx_word' id='word_1_48' title='bbox 955 516 1115 553; x_wconf 79' lang='lat' dir='ltr'>alterum</span> <span class='ocrx_word' id='word_1_49' title='bbox 1134 522 1259 566; x_wconf 78' lang='lat' dir='ltr'>aperte</span> <span class='ocrx_word' id='word_1_50' title='bbox 1285 515 1388 561; x_wconf 79' lang='lat' dir='ltr'>tegit,</span> <span class='ocrx_word' id='word_1_51' title='bbox 1417 523 1455 549; x_wconf 86' lang='lat' dir='ltr'>at</span> <span class='ocrx_word' id='word_1_52' title='bbox 1481 515 1599 551; x_wconf 87' lang='lat' dir='ltr'><strong>modo</strong></span> 
     </span>
    </p>
   </div>
   <div class='ocr_carea' id='block_1_3' title="bbox 130 590 912 639">
    <p class='ocr_par' dir='ltr' id='par_1_3' title="bbox 130 590 912 639">
     <span class='ocr_line' id='line_1_7' title="bbox 130 590 912 639; baseline -0.009 -11"><span class='ocrx_word' id='word_1_53' title='bbox 130 593 191 628; x_wconf 87' lang='lat' dir='ltr'>hie</span> <span class='ocrx_word' id='word_1_54' title='bbox 207 616 216 633; x_wconf 80' lang='lat'>‚</span> <span class='ocrx_word' id='word_1_55' title='bbox 246 591 438 639; x_wconf 86' lang='lat' dir='ltr'>modoque</span> <span class='ocrx_word' id='word_1_56' title='bbox 460 591 527 626; x_wconf 80' lang='lat' dir='ltr'>ille</span> <span class='ocrx_word' id='word_1_57' title='bbox 552 590 664 625; x_wconf 83' lang='lat' dir='ltr'>altius</span> <span class='ocrx_word' id='word_1_58' title='bbox 688 595 827 624; x_wconf 73' lang='lat' dir='ltr'>stratus</span> <span class='ocrx_word' id='word_1_59' title='bbox 843 595 912 624; x_wconf 71' lang='lat' dir='ltr'>est.</span> 
     </span>
    </p>
   </div>
   <div class='ocr_carea' id='block_1_4' title="bbox 804 725 931 771">
    <p class='ocr_par' dir='ltr' id='par_1_4' title="bbox 804 725 931 771">
     <span class='ocr_line' id='line_1_8' title="bbox 804 725 931 771; baseline 0 -9"><span class='ocrx_word' id='word_1_60' title='bbox 804 725 839 771; x_wconf 84' lang='lat'>§.</span> <span class='ocrx_word' id='word_1_61' title='bbox 893 728 931 763; x_wconf 85' lang='grc'>8.</span> 
     </span>
    </p>
   </div>
   <div class='ocr_carea' id='block_1_5' title="bbox 124 829 1605 1881">
    <p class='ocr_par' dir='ltr' id='par_1_5' title="bbox 124 829 1605 1881">
     <span class='ocr_line' id='line_1_9' title="bbox 180 829 1603 884; baseline -0.002 -11"><span class='ocrx_word' id='word_1_62' title='bbox 180 837 305 873; x_wconf 83' lang='lat' dir='ltr'>Altera</span> <span class='ocrx_word' id='word_1_63' title='bbox 320 835 509 872; x_wconf 72' lang='lat' dir='ltr'>‘formatio</span> <span class='ocrx_word' id='word_1_64' title='bbox 527 861 536 876; x_wconf 87' lang='lat'>,</span> <span class='ocrx_word' id='word_1_65' title='bbox 569 848 663 882; x_wconf 85' lang='lat' dir='ltr'>quae</span> <span class='ocrx_word' id='word_1_66' title='bbox 693 837 808 884; x_wconf 82' lang='lat' dir='ltr'>longe</span> <span class='ocrx_word' id='word_1_67' title='bbox 837 835 988 881; x_wconf 83' lang='lat' dir='ltr'>lateque</span> <span class='ocrx_word' id='word_1_68' title='bbox 1014 831 1072 867; x_wconf 84' lang='lat' dir='ltr'>his</span> <span class='ocrx_word' id='word_1_69' title='bbox 1097 830 1137 865; x_wconf 85' lang='lat' dir='ltr'>in</span> <span class='ocrx_word' id='word_1_70' title='bbox 1165 831 1384 878; x_wconf 82' lang='lat' dir='ltr'>regionibus</span> <span class='ocrx_word' id='word_1_71' title='bbox 1405 829 1603 870; x_wconf 67' lang='lat' dir='ltr'>dominat}</span> 
     </span>
     <span class='ocr_line' id='line_1_10' title="bbox 131 901 1603 953; baseline -0.004 -12"><span class='ocrx_word' id='word_1_72' title='bbox 131 917 187 942; x_wconf 87' lang='lat' dir='ltr'>est</span> <span class='ocrx_word' id='word_1_73' title='bbox 237 909 329 953; x_wconf 86' lang='lat' dir='ltr'>lapis</span> <span class='ocrx_word' id='word_1_74' title='bbox 358 908 536 942; x_wconf 76' lang='lat' dir='ltr'><em>calcarias</em></span> <span class='ocrx_word' id='word_1_75' title='bbox 562 912 768 941; x_wconf 84' lang='lat' dir='ltr'><strong>immensae</strong></span> <span class='ocrx_word' id='word_1_76' title='bbox 797 903 1072 951; x_wconf 71' lang='lat' dir='ltr'>amplitudinis,</span> <span class='ocrx_word' id='word_1_77' title='bbox 1094 904 1154 938; x_wconf 87' lang='lat' dir='ltr'>cui</span> <span class='ocrx_word' id='word_1_78' title='bbox 1181 911 1308 938; x_wconf 83' lang='lat' dir='ltr'>tamen</span> <span class='ocrx_word' id='word_1_79' title='bbox 1334 906 1418 939; x_wconf 76' lang='lat' dir='ltr'>aliis</span> <span class='ocrx_word' id='word_1_80' title='bbox 1439 906 1479 935; x_wconf 91' lang='lat' dir='ltr'>in</span> <span class='ocrx_word' id='word_1_81' title='bbox 1504 901 1603 936; x_wconf 87' lang='lat' dir='ltr'>locis</span> 
     </span>
     <span class='ocr_line' id='line_1_11' title="bbox 130 974 1604 1014; baseline -0.002 -4"><span class='ocrx_word' id='word_1_82' title='bbox 130 978 203 1011; x_wconf 78' lang='lat' dir='ltr'>alia</span> <span class='ocrx_word' id='word_1_83' title='bbox 246 978 371 1011; x_wconf 86' lang='lat' dir='ltr'>multo</span> <span class='ocrx_word' id='word_1_84' title='bbox 400 982 561 1014; x_wconf 81' lang='lat' dir='ltr'>minoris</span> <span class='ocrx_word' id='word_1_85' title='bbox 619 977 855 1012; x_wconf 80' lang='lat' dir='ltr'>extensitatis</span> <span class='ocrx_word' id='word_1_86' title='bbox 897 976 1115 1010; x_wconf 79' lang='lat' dir='ltr'>coordinata</span> <span class='ocrx_word' id='word_1_87' title='bbox 1141 985 1209 1010; x_wconf 81' lang='lat' dir='ltr'>est.</span> <span class='ocrx_word' id='word_1_88' title='bbox 1302 976 1396 1009; x_wconf 83' lang='lat' dir='ltr'>Cum</span> <span class='ocrx_word' id='word_1_89' title='bbox 1420 974 1466 1008; x_wconf 84' lang='lat' dir='ltr'>ad</span> <span class='ocrx_word' id='word_1_90' title='bbox 1495 983 1604 1007; x_wconf 83' lang='lat' dir='ltr'>oram</span> 
     </span>
     <span class='ocr_line' id='line_1_12' title="bbox 128 1044 1603 1095; baseline -0.005 -12"><span class='ocrx_word' id='word_1_91' title='bbox 128 1051 348 1095; x_wconf 77' lang='lat' dir='ltr'>praesertim</span> <span class='ocrx_word' id='word_1_92' title='bbox 390 1049 620 1086; x_wconf 78' lang='lat' dir='ltr'>maritimam</span> <span class='ocrx_word' id='word_1_93' title='bbox 674 1049 921 1086; x_wconf 79' lang='lat' dir='ltr'>Revulenscm,</span> <span class='ocrx_word' id='word_1_94' title='bbox 976 1056 1057 1080; x_wconf 77' lang='lat' dir='ltr'>tum</span> <span class='ocrx_word' id='word_1_95' title='bbox 1108 1048 1152 1080; x_wconf 83' lang='lat' dir='ltr'>ad</span> <span class='ocrx_word' id='word_1_96' title='bbox 1184 1047 1422 1093; x_wconf 78' lang='lat' dir='ltr'>Imperialem</span> <span class='ocrx_word' id='word_1_97' title='bbox 1468 1044 1603 1078; x_wconf 84' lang='lat' dir='ltr'>villam</span> 
     </span>
     <span class='ocr_line' id='line_1_13' title="bbox 129 1117 1603 1161; baseline -0.005 -5"><span class='ocrx_word' id='word_1_98' title='bbox 129 1120 324 1156; x_wconf 69' lang='lat' dir='ltr'>Powlowsk</span> <span class='ocrx_word' id='word_1_99' title='bbox 353 1122 501 1156; x_wconf 80' lang='lat' dir='ltr'>schistus</span> <span class='ocrx_word' id='word_1_100' title='bbox 516 1123 731 1158; x_wconf 70' lang='lat' dir='ltr'>aluminaris</span> <span class='ocrx_word' id='word_1_101' title='bbox 768 1121 939 1156; x_wconf 84' lang='lat' dir='ltr'><strong>obvenit.</strong></span> <span class='ocrx_word' id='word_1_102' title='bbox 1015 1122 1058 1153; x_wconf 90' lang='lat' dir='ltr'>In</span> <span class='ocrx_word' id='word_1_103' title='bbox 1087 1120 1240 1154; x_wconf 66' lang='lat' dir='ltr'>livonia</span> <span class='ocrx_word' id='word_1_104' title='bbox 1269 1127 1305 1152; x_wconf 83' lang='lat' dir='ltr'>et</span> <span class='ocrx_word' id='word_1_105' title='bbox 1329 1118 1494 1153; x_wconf 80' lang='lat' dir='ltr'>Curom&#39;a</span> <span class='ocrx_word' id='word_1_106' title='bbox 1519 1117 1603 1161; x_wconf 85' lang='lat' dir='ltr'>qui-</span> 
     </span>
     <span class='ocr_line' id='line_1_14' title="bbox 130 1188 1603 1239; baseline -0.005 -12"><span class='ocrx_word' id='word_1_107' title='bbox 130 1193 213 1227; x_wconf 85' lang='lat' dir='ltr'>dem</span> <span class='ocrx_word' id='word_1_108' title='bbox 237 1192 387 1238; x_wconf 86' lang='lat' dir='ltr'>penitus</span> <span class='ocrx_word' id='word_1_109' title='bbox 413 1193 516 1229; x_wconf 85' lang='lat' dir='ltr'><strong>deest</strong></span> <span class='ocrx_word' id='word_1_110' title='bbox 532 1220 540 1235; x_wconf 82' lang='lat'>,</span> <span class='ocrx_word' id='word_1_111' title='bbox 586 1202 622 1228; x_wconf 84' lang='lat' dir='ltr'>at</span> <span class='ocrx_word' id='word_1_112' title='bbox 648 1205 712 1239; x_wconf 82' lang='lat' dir='ltr'>per</span> <span class='ocrx_word' id='word_1_113' title='bbox 736 1193 953 1228; x_wconf 75' lang='lat' dir='ltr'>Esthoniam</span> <span class='ocrx_word' id='word_1_114' title='bbox 981 1191 1073 1225; x_wconf 84' lang='lat' dir='ltr'>adeo</span> <span class='ocrx_word' id='word_1_115' title='bbox 1099 1189 1318 1236; x_wconf 83' lang='lat' dir='ltr'>frequenter</span> <span class='ocrx_word' id='word_1_116' title='bbox 1341 1188 1519 1226; x_wconf 86' lang='lat' dir='ltr'>occurrit,</span> <span class='ocrx_word' id='word_1_117' title='bbox 1557 1194 1603 1220; x_wconf 83' lang='lat' dir='ltr'>ut</span> 
     </span>
     <span class='ocr_line' id='line_1_15' title="bbox 128 1259 1605 1312; baseline -0.005 -14"><span class='ocrx_word' id='word_1_118' title='bbox 128 1264 531 1310; x_wconf 53' lang='lat' dir='ltr'>sulphureis‘partibus</span> <span class='ocrx_word' id='word_1_119' title='bbox 575 1272 769 1312; x_wconf 76' lang='lat' dir='ltr'>penetrata</span> <span class='ocrx_word' id='word_1_120' title='bbox 796 1273 909 1298; x_wconf 78' lang='lat' dir='ltr'>strata</span> <span class='ocrx_word' id='word_1_121' title='bbox 960 1273 1232 1309; x_wconf 79' lang='lat' dir='ltr'>saepenumero</span> <span class='ocrx_word' id='word_1_122' title='bbox 1258 1259 1505 1297; x_wconf 79' lang='lat' dir='ltr'>inflammata,</span> <span class='ocrx_word' id='word_1_123' title='bbox 1537 1268 1605 1292; x_wconf 75' lang='lat' dir='ltr'>va·-</span> 
     </span>
     <span class='ocr_line' id='line_1_16' title="bbox 131 1333 1602 1383; baseline -0.005 -13"><span class='ocrx_word' id='word_1_124' title='bbox 131 1336 291 1383; x_wconf 89' lang='lat' dir='ltr'>poribus</span> <span class='ocrx_word' id='word_1_125' title='bbox 323 1337 539 1382; x_wconf 82' lang='lat' dir='ltr'>sulphureis</span> <span class='ocrx_word' id='word_1_126' title='bbox 577 1337 707 1379; x_wconf 69' lang='lat' dir='ltr'>elisis,</span> <span class='ocrx_word' id='word_1_127' title='bbox 760 1336 958 1370; x_wconf 86' lang='lat' dir='ltr'>combusta</span> <span class='ocrx_word' id='word_1_128' title='bbox 987 1336 1079 1371; x_wconf 76' lang='lat' dir='ltr'>sint.</span> <span class='ocrx_word' id='word_1_129' title='bbox 1137 1333 1193 1367; x_wconf 85' lang='lat' dir='ltr'>Ad</span> <span class='ocrx_word' id='word_1_130' title='bbox 1220 1334 1455 1368; x_wconf 77' lang='lat' dir='ltr'>Revalensem</span> <span class='ocrx_word' id='word_1_131' title='bbox 1482 1342 1602 1371; x_wconf 81' lang='lat' dir='ltr'><strong>oram,</strong></span> 
     </span>
     <span class='ocr_line' id='line_1_17' title="bbox 134 1404 1602 1454; baseline -0.003 -14"><span class='ocrx_word' id='word_1_132' title='bbox 134 1420 204 1454; x_wconf 86' lang='lat' dir='ltr'>qua</span> <span class='ocrx_word' id='word_1_133' title='bbox 232 1409 328 1453; x_wconf 82' lang='lat' dir='ltr'>lapis</span> <span class='ocrx_word' id='word_1_134' title='bbox 375 1412 565 1443; x_wconf 76' lang='lat' dir='ltr'>arenarius</span> <span class='ocrx_word' id='word_1_135' title='bbox 591 1422 632 1443; x_wconf 82' lang='lat' dir='ltr'>ac</span> <span class='ocrx_word' id='word_1_136' title='bbox 657 1408 838 1443; x_wconf 78' lang='lat' dir='ltr'>calcarias</span> <span class='ocrx_word' id='word_1_137' title='bbox 884 1407 1086 1441; x_wconf 82' lang='lat' dir='ltr'>dominant</span> <span class='ocrx_word' id='word_1_138' title='bbox 1106 1430 1114 1445; x_wconf 78' lang='lat'>‚</span> <span class='ocrx_word' id='word_1_139' title='bbox 1167 1412 1280 1438; x_wconf 80' lang='lat' dir='ltr'>strata</span> <span class='ocrx_word' id='word_1_140' title='bbox 1301 1405 1392 1438; x_wconf 80' lang='lat' dir='ltr'>haec</span> <span class='ocrx_word' id='word_1_141' title='bbox 1414 1404 1602 1438; x_wconf 78' lang='lat' dir='ltr'>schistosa</span> 
     </span>
     <span class='ocr_line' id='line_1_18' title="bbox 128 1473 1603 1525; baseline -0.004 -13"><span class='ocrx_word' id='word_1_142' title='bbox 128 1479 335 1513; x_wconf 79' lang='lat' dir='ltr'>nonnullas</span> <span class='ocrx_word' id='word_1_143' title='bbox 356 1478 505 1525; x_wconf 80' lang='lat' dir='ltr'>orgyias</span> <span class='ocrx_word' id='word_1_144' title='bbox 529 1480 654 1525; x_wconf 87' lang='lat' dir='ltr'>quoad</span> <span class='ocrx_word' id='word_1_145' title='bbox 678 1478 917 1514; x_wconf 80' lang='lat' dir='ltr'>altitudinem</span> <span class='ocrx_word' id='word_1_146' title='bbox 942 1478 1100 1523; x_wconf 68' lang='lat' dir='ltr'>replent,</span> <span class='ocrx_word' id='word_1_147' title='bbox 1144 1487 1238 1521; x_wconf 82' lang='lat' dir='ltr'>quae</span> <span class='ocrx_word' id='word_1_148' title='bbox 1263 1474 1350 1508; x_wconf 83' lang='lat' dir='ltr'>dein</span> <span class='ocrx_word' id='word_1_149' title='bbox 1377 1474 1518 1508; x_wconf 81' lang='lat' dir='ltr'>coloris</span> <span class='ocrx_word' id='word_1_150' title='bbox 1542 1473 1603 1506; x_wconf 87' lang='lat' dir='ltr'>ni-</span> 
     </span>
     <span class='ocr_line' id='line_1_19' title="bbox 129 1544 1604 1598; baseline -0.004 -13"><span class='ocrx_word' id='word_1_151' title='bbox 129 1554 349 1598; x_wconf 64' lang='lat' dir='ltr'>grescentis,</span> <span class='ocrx_word' id='word_1_152' title='bbox 376 1549 437 1583; x_wconf 83' lang='lat' dir='ltr'>vel</span> <span class='ocrx_word' id='word_1_153' title='bbox 492 1561 537 1582; x_wconf 84' lang='lat' dir='ltr'>ex</span> <span class='ocrx_word' id='word_1_154' title='bbox 561 1550 684 1596; x_wconf 81' lang='lat' dir='ltr'>griseo</span> <span class='ocrx_word' id='word_1_155' title='bbox 731 1550 1022 1584; x_wconf 74' lang='lat' dir='ltr'>caerulescentis</span> <span class='ocrx_word' id='word_1_156' title='bbox 1048 1548 1109 1581; x_wconf 87' lang='lat' dir='ltr'>vel</span> <span class='ocrx_word' id='word_1_157' title='bbox 1132 1545 1298 1579; x_wconf 78' lang='lat' dir='ltr'>brunnei</span> <span class='ocrx_word' id='word_1_158' title='bbox 1323 1544 1468 1590; x_wconf 78' lang='lat' dir='ltr'>saepius</span> <span class='ocrx_word' id='word_1_159' title='bbox 1498 1557 1604 1579; x_wconf 90' lang='lat' dir='ltr'>com-</span> 
     </span>
     <span class='ocr_line' id='line_1_20' title="bbox 127 1614 1602 1668; baseline -0.004 -12"><span class='ocrx_word' id='word_1_160' title='bbox 127 1630 232 1668; x_wconf 84' lang='lat' dir='ltr'>pacta</span> <span class='ocrx_word' id='word_1_161' title='bbox 260 1630 372 1660; x_wconf 85' lang='lat' dir='ltr'><strong>sunt,</strong></span> <span class='ocrx_word' id='word_1_162' title='bbox 421 1629 458 1654; x_wconf 80' lang='lat' dir='ltr'>at</span> <span class='ocrx_word' id='word_1_163' title='bbox 478 1632 611 1667; x_wconf 81' lang='lat' dir='ltr'>parum</span> <span class='ocrx_word' id='word_1_164' title='bbox 634 1620 734 1654; x_wconf 81' lang='lat' dir='ltr'>inter</span> <span class='ocrx_word' id='word_1_165' title='bbox 759 1633 797 1655; x_wconf 86' lang='lat' dir='ltr'>se</span> <span class='ocrx_word' id='word_1_166' title='bbox 826 1621 1028 1654; x_wconf 73' lang='lat' dir='ltr'><strong>cohaerent</strong></span> <span class='ocrx_word' id='word_1_167' title='bbox 1046 1644 1055 1658; x_wconf 85' lang='lat'><em>,</em></span> <span class='ocrx_word' id='word_1_168' title='bbox 1101 1629 1186 1651; x_wconf 72' lang='lat' dir='ltr'>eum</span> <span class='ocrx_word' id='word_1_169' title='bbox 1212 1619 1374 1649; x_wconf 71' lang='lat' dir='ltr'>maxime</span> <span class='ocrx_word' id='word_1_170' title='bbox 1405 1614 1539 1650; x_wconf 83' lang='lat' dir='ltr'>fissilia</span> <span class='ocrx_word' id='word_1_171' title='bbox 1559 1621 1602 1652; x_wconf 88' lang='lat' dir='ltr'>in</span> 
     </span>
     <span class='ocr_line' id='line_1_21' title="bbox 124 1687 1601 1739; baseline -0.004 -13"><span class='ocrx_word' id='word_1_172' title='bbox 124 1692 220 1727; x_wconf 79' lang='lat' dir='ltr'>folia</span> <span class='ocrx_word' id='word_1_173' title='bbox 245 1692 396 1726; x_wconf 78' lang='lat' dir='ltr'>subtilia</span> <span class='ocrx_word' id='word_1_174' title='bbox 418 1692 546 1725; x_wconf 84' lang='lat' dir='ltr'>tenuia</span> <span class='ocrx_word' id='word_1_175' title='bbox 576 1692 673 1726; x_wconf 83' lang='lat' dir='ltr'>findi</span> <span class='ocrx_word' id='word_1_176' title='bbox 699 1693 866 1739; x_wconf 77' lang='lat' dir='ltr'><strong>possint.</strong></span> <span class='ocrx_word' id='word_1_177' title='bbox 921 1697 1023 1726; x_wconf 70' lang='lat' dir='ltr'>Inter</span> <span class='ocrx_word' id='word_1_178' title='bbox 1046 1702 1085 1724; x_wconf 80' lang='lat' dir='ltr'>ea</span> <span class='ocrx_word' id='word_1_179' title='bbox 1113 1688 1248 1724; x_wconf 85' lang='lat' dir='ltr'>deinde</span> <span class='ocrx_word' id='word_1_180' title='bbox 1276 1687 1455 1723; x_wconf 80' lang='lat' dir='ltr'>aluminis</span> <span class='ocrx_word' id='word_1_181' title='bbox 1481 1689 1601 1723; x_wconf 81' lang='lat' dir='ltr'>nativi</span> 
     </span>
     <span class='ocr_line' id='line_1_22' title="bbox 131 1759 1598 1811; baseline -0.003 -13"><span class='ocrx_word' id='word_1_182' title='bbox 131 1765 337 1811; x_wconf 78' lang='lat' dir='ltr'>particulae</span> <span class='ocrx_word' id='word_1_183' title='bbox 362 1772 398 1796; x_wconf 85' lang='lat' dir='ltr'>et</span> <span class='ocrx_word' id='word_1_184' title='bbox 435 1764 594 1810; x_wconf 85' lang='lat' dir='ltr'>sulphur</span> <span class='ocrx_word' id='word_1_185' title='bbox 635 1767 806 1798; x_wconf 80' lang='lat' dir='ltr'>nativum</span> <span class='ocrx_word' id='word_1_186' title='bbox 833 1763 1045 1798; x_wconf 74' lang='lat' dir='ltr'>obveniunt</span> <span class='ocrx_word' id='word_1_187' title='bbox 1063 1786 1070 1800; x_wconf 93' lang='lat'><em>‚</em></span> <span class='ocrx_word' id='word_1_188' title='bbox 1099 1762 1266 1808; x_wconf 84' lang='lat' dir='ltr'>pulveris</span> <span class='ocrx_word' id='word_1_189' title='bbox 1292 1759 1410 1793; x_wconf 70' lang='lat' dir='ltr'>instar</span> <span class='ocrx_word' id='word_1_190' title='bbox 1436 1760 1598 1799; x_wconf 80' lang='lat' dir='ltr'>subtilis,</span> 
     </span>
     <span class='ocr_line' id='line_1_23' title="bbox 130 1830 1595 1881; baseline -0.001 -12"><span class='ocrx_word' id='word_1_191' title='bbox 130 1846 283 1869; x_wconf 84' lang='lat' dir='ltr'><strong>omnem</strong></span> <span class='ocrx_word' id='word_1_192' title='bbox 331 1835 492 1869; x_wconf 84' lang='lat' dir='ltr'>omnino</span> <span class='ocrx_word' id='word_1_193' title='bbox 544 1835 786 1881; x_wconf 87' lang='lat' dir='ltr'>superficiem</span> <span class='ocrx_word' id='word_1_194' title='bbox 838 1842 1044 1870; x_wconf 76' lang='lat' dir='ltr'>stratorum</span> <span class='ocrx_word' id='word_1_195' title='bbox 1077 1833 1360 1868; x_wconf 61' lang='lat' dir='ltr'>nonnullo-sum</span> <span class='ocrx_word' id='word_1_196' title='bbox 1386 1830 1595 1878; x_wconf 77' lang='lat' dir='ltr'>implentis.</span> 
     </span>
    </p>
   </div>
   <div class='ocr_carea' id='block_1_6' title="bbox 126 1905 1167 1954">
    <p class='ocr_par' dir='ltr' id='par_1_6' title="bbox 126 1905 1167 1954">
     <span class='ocr_line' id='line_1_24' title="bbox 126 1905 1167 1954; baseline 0.001 -14"><span class='ocrx_word' id='word_1_197' title='bbox 126 1918 238 1954; x_wconf 71' lang='lat' dir='ltr'>quare</span> <span class='ocrx_word' id='word_1_198' title='bbox 274 1909 534 1943; x_wconf 64' lang='lat' dir='ltr'>Sllbterrssnefle</span> <span class='ocrx_word' id='word_1_199' title='bbox 559 1911 728 1943; x_wconf 73' lang='lat' dir='ltr'>ustiOneS</span> <span class='ocrx_word' id='word_1_200' title='bbox 755 1908 868 1943; x_wconf 70' lang='lat' dir='ltr'>tOliCS</span> <span class='ocrx_word' id='word_1_201' title='bbox 903 1905 1167 1941; x_wconf 49' lang='lat' dir='ltr'>occurrebant*</span> 
     </span>
    </p>
   </div>
   <div class='ocr_carea' id='block_1_7' title="bbox 794 2058 920 2102">
    <p class='ocr_par' dir='ltr' id='par_1_7' title="bbox 794 2058 920 2102">
     <span class='ocr_line' id='line_1_25' title="bbox 794 2058 920 2102; baseline 0 0"><span class='ocrx_word' id='word_1_202' title='bbox 794 2058 826 2102; x_wconf 83' lang='lat'>§·</span> <span class='ocrx_word' id='word_1_203' title='bbox 884 2068 920 2102; x_wconf 80' lang='lat'>·9</span> 
     </span>
    </p>
   </div>
   <div class='ocr_carea' id='block_1_8' title="bbox 184 2155 1603 2208">
    <p class='ocr_par' dir='ltr' id='par_1_8' title="bbox 184 2155 1603 2208">
     <span class='ocr_line' id='line_1_26' title="bbox 184 2155 1603 2208; baseline -0.006 -10"><span class='ocrx_word' id='word_1_204' title='bbox 184 2166 376 2208; x_wconf 64' lang='lat' dir='ltr'>Repetunt</span> <span class='ocrx_word' id='word_1_205' title='bbox 404 2163 534 2197; x_wconf 79' lang='lat' dir='ltr'>schisti</span> <span class='ocrx_word' id='word_1_206' title='bbox 554 2163 773 2198; x_wconf 82' lang='lat' dir='ltr'>aluminaris</span> <span class='ocrx_word' id='word_1_207' title='bbox 798 2161 979 2198; x_wconf 59' lang='lat' dir='ltr'>formatio</span> <span class='ocrx_word' id='word_1_208' title='bbox 1008 2160 1052 2194; x_wconf 79' lang='lat' dir='ltr'>ad</span> <span class='ocrx_word' id='word_1_209' title='bbox 1077 2159 1207 2194; x_wconf 72' lang='lat' dir='ltr'>villam</span> <span class='ocrx_word' id='word_1_210' title='bbox 1232 2155 1440 2196; x_wconf 45' lang='lat' dir='ltr'>Pazvlowsli,</span> <span class='ocrx_word' id='word_1_211' title='bbox 1483 2155 1528 2190; x_wconf 79' lang='lat' dir='ltr'>ad</span> <span class='ocrx_word' id='word_1_212' title='bbox 1552 2158 1603 2190; x_wconf 82' lang='lat' dir='ltr'>ri-</span> 
     </span>
    </p>
   </div>
   <div class='ocr_carea' id='block_1_9' title="bbox 135 2228 1603 2284">
    <p class='ocr_par' dir='ltr' id='par_1_9' title="bbox 135 2228 1603 2284">
     <span class='ocr_line' id='line_1_27' title="bbox 135 2228 1603 2284; baseline -0.005 -16"><span class='ocrx_word' id='word_1_213' title='bbox 135 2247 219 2280; x_wconf 81' lang='lat' dir='ltr'>pam</span> <span class='ocrx_word' id='word_1_214' title='bbox 250 2234 364 2269; x_wconf 79' lang='lat' dir='ltr'>rivuli</span> <span class='ocrx_word' id='word_1_215' title='bbox 416 2246 533 2284; x_wconf 86' lang='lat' dir='ltr'>prope</span> <span class='ocrx_word' id='word_1_216' title='bbox 557 2239 681 2270; x_wconf 68' lang='lat' dir='ltr'>vicum</span> <span class='ocrx_word' id='word_1_217' title='bbox 714 2234 949 2270; x_wconf 78' lang='lat' dir='ltr'>Koschlevam</span> <span class='ocrx_word' id='word_1_218' title='bbox 973 2256 985 2278; x_wconf 88' lang='lat'>,</span> <span class='ocrx_word' id='word_1_219' title='bbox 1033 2245 1103 2279; x_wconf 72' lang='lat' dir='ltr'>qua</span> <span class='ocrx_word' id='word_1_220' title='bbox 1135 2235 1276 2278; x_wconf 76' lang='lat' dir='ltr'>passim</span> <span class='ocrx_word' id='word_1_221' title='bbox 1303 2238 1416 2265; x_wconf 74' lang='lat' dir='ltr'>strata</span> <span class='ocrx_word' id='word_1_222' title='bbox 1442 2228 1603 2276; x_wconf 81' lang='lat' dir='ltr'>parvula</span> 
     </span>
    </p>
   </div>
  </div>
 </body>
</html>
