2062 2675
1058 132 1269 161 -16-

436 252 519 277 tum
546 241 707 282 denique
735 234 865 270 schisti
911 233 1119 281 argillacei‚
1152 243 1262 277 supra
1290 239 1447 265 stratum
1493 225 1690 262 'calcarium
1713 232 1901 274 pos-stum,

435 321 630 358 nunquam
654 309 699 342 ad
727 307 976 341 aluminarem
997 311 1170 336 naturam
1196 303 1346 340 accedit,
1379 314 1448 336 nec
1474 301 1594 333 ullum
1621 299 1782 344 lapidem
1810 298 1903 333 suil-

437 385 517 418 lum
539 383 702 423 aliamve
724 379 860 413 calcem
886 379 926 408 in
947 386 984 409 se
1013 373 1165 417 excipit.
1192 372 1403 407 Petrificata
1425 373 1502 417 ejus
1529 374 1633 416 quasi
1654 383 1671 404 e
1696 378 1812 403 strato
1833 372 1906 405 cal..

435 459 535 490 cario
561 462 706 500 egressa
735 456 832 486 sunt,
851 447 915 482 sed
932 454 1007 479 tarn
1024 444 1224 478 imminuta
1248 453 1283 478 et
1301 453 1509 483 extenuata,
1531 452 1571 477 ut
1588 444 1809 488 plerumque
1824 452 1906 474 non

434 530 508 561 nisi
535 525 700 570 picturas
725 520 904 554 referant.
932 515 1043 563 Quod
1072 514 1223 559 quidem
1247 516 1389 550 licetin
1413 518 1546 562 Ingria
1570 515 1749 558 marisque
1777 512 1904 547 baltici

437 595 645 644 provinciis
671 602 752 624 non
779 590 949 627 obvium,
977 595 1103 620 tamen
1129 588 1167 617 in
1191 587 1317 620 Sueeia
1337 586 1532 620 calcarium
1550 584 1724 629 lapidem,
1743 585 1906 618 eundem

435 672 618 703 nimirum
645 668 731 696 cum
758 659 955 695 Esthonico
985 661 1086 703 tegit,
1135 667 1176 688 ac
1203 656 1268 689 ille
1311 668 1355 689 ex
1378 661 1470 691 serie
1498 659 1687 689 montium
1712 655 1908 689 transitio-

434 744 496 774 nis
516 764 525 780 ,
566 738 667 770 hunc
712 736 824 766 etiam
848 731 894 765 iis
934 727 1260 764 adnumerandum
1306 739 1384 761 esse
1432 729 1694 764 demonstrat3
1749 735 1906 772 uterque

441 809 576 847 deinde
600 807 695 850 lapis
719 802 898 837 calcatius
918 800 1045 833 eadem
1070 797 1216 832 fossilia
1242 799 1414 831 animalia
1448 803 1627 832 continet.
1683 802 1784 830 Inter
1814 809 1906 842 quae

435 892 564 917 tamen
593 885 704 912 strata
733 878 773 908 in
789 872 924 908 Suecia
949 871 1055 904 nulla
1075 871 1242 902 arenaria
1272 869 1381 903 obvia
1410 879 1498 907 esse,
1521 875 1731 902 memoratu
1754 868 1909 914 dignum

440 964 511 990 est·

1112 1075 1146 1119 ς.
1199 1085 1260 1110 21.

489 1188 619 1224 Multo
647 1196 734 1218 vero
790 1180 1152 1216 memorabilior-est
1175 1177 1354 1213 formatio
1382 1177 1548 1221 ejusdem
1575 1177 1711 1223 lapidis
1736 1177 1880 1210 calcarii
1898 1201 1908 1217 ,

439 1262 484 1296 ad
514 1256 777 1296 Christianiam
790 1253 823 1300 *)
849 1255 888 1287 in
917 1251 1109 1297 Norvegia
1136 1250 1250 1290 obvii,
1275 1262 1385 1296 quem
1409 1251 1651 1295 Porphyrius,
1685 1248 1841 1282 Sienites
1871 1257 1909 1281 et

440 1334 608 1367 Granites
632 1326 866 1360 transitionis
896 1330 1036 1367 tegunt,
1058 1322 1160 1367 quod
1185 1334 1228 1356 eo
1245 1322 1471 1367 paradoxius
1497 1327 1571 1356 est,
1604 1329 1679 1363 quo
1701 1322 1821 1353 rarius
1850 1331 1908 1353 ος.

442 1405 569 1438 currit.
648 1397 814 1431 Schistus
856 1394 1076 1438 argillaceus
1115 1392 1355 1438 frequentior
1392 1402 1477 1424 cum
1504 1388 1627 1434 lapide
1673 1390 1910 1434 nigrescente

441 1474 611 1521 griseove
646 1468 805 1498 alternat
827 1465 984 1497 calcario
1002 1485 1010 1499 ‚
1038 1463 1103 1507 qui
1132 1473 1215 1495 cum
1241 1463 1308 1496 illo
1328 1461 1373 1493 ad
1396 1459 1594 1496 Rizbeland,
1624 1460 1843 1506 Hercyniae,
1874 1467 1909 1492 et

441 1545 487 1579 ad
516 1537 626 1587 Hoff,
660 1537 886 1582 leuringiae
908 1534 1051 1572 urbem,
1078 1532 1203 1570 obvio,
1234 1543 1346 1578 quam
1372 1530 1537 1563 maxime
1566 1528 1817 1564 conferendus
1844 1537 1911 1564 est.

443 1622 487 1650 In
507 1614 576 1648 illo
605 1608 822 1653 Norvegico
850 1616 981 1649 magna
1008 1602 1372 1638 Orthoceratitarmn
1401 1601 1566 1635 enormis
1591 1604 1737 1645 saepius
1765 1599 1910 1634 formae

448 1696 594 1722 caterva
624 1691 708 1715 cum
732 1675 897 1712 conchis,
952 1675 1117 1709 Pectines
1141 1672 1388 1706 referentibus
1408 1656 1418 1710 ,v
1464 1680 1500 1704 et
1529 1671 1716 1706 Trilobitis
1740 1671 1906 1708 obvenit,

446 1758 546 1794 unde
573 1761 702 1788 mutua
730 1759 861 1781 eorum
889 1744 1057 1779 affinitas
1086 1755 1129 1777 eo
1153 1745 1270 1790 magis
1296 1752 1409 1790 patet·
1510 1740 1761 1777 Memorabile
1783 1749 1910 1774 tamen

544 1822 746 1860 calcarium
770 1827 965 1862 nunquam
985 1814 1186 1848 admodum
1209 1816 1430 1861 praevalere,
1453 1825 1539 1848 cum
1565 1821 1677 1846 strata
1702 1812 1795 1857 pede
1831 1823 1910 1845 uno

448 1838 513 1867 est,

446 1903 591 1936 altiora,
620 1891 825 1928 rarioribus
853 1886 1131 1920 adnumeranda
1161 1888 1248 1920 sint.
1326 1885 1491 1920 Schistus
1519 1884 1662 1917 scilicet
1681 1884 1735 1918 ibi
1761 1883 1912 1930 argilla-

1344 1950 1370 1964 φ..

457 1986 970 2006 .-.----————-

444 2059 483 2101 ιι)
529 2068 562 2086 v.
591 2056 629 2086 L.
658 2064 724 2086 von
748 2052 854 2091 Bneh,
886 2053 980 2084 Reise
1000 2053 1102 2084 durch
1128 2054 1308 2093 Narvegen
1329 2064 1365 2087 u.
1394 2050 1586 2093 Lappland,
1613 2048 1733 2088 Berlin,
1759 2052 1854 2089 1810,
1880 2025 1924 2083 1:

549 2121 567 2150 P
596 2111 648 2147 95·
