2078 2675
801 84 844 97 ι-
892 79 934 109 ’9
978 85 1018 93 --

171 187 316 223 ovaque
333 177 400 212 sub
421 180 467 213 iis
489 175 686 212 condenda
713 173 856 213 fovent,
884 181 920 207 et
941 173 986 207 ad
1014 176 1268 208 maturitatem
1292 176 1515 222 perducunt,
1546 176 1649 223 quod

171 248 323 293 quidem
351 250 463 284 nobis
498 249 539 282 in
577 246 725 281 Idothea
752 251 909 279 entomo
935 253 971 278 et
989 245 1123 280 onisco
1152 247 1269 281 asello
1298 248 1498 282 observare
1526 252 1649 284 conti-

169 321 238 367 git.
325 320 418 354 Inde
450 317 758 365 consequendum
779 323 847 353 est,
877 325 914 349 et
946 318 1135 355 Trilobitis
1163 331 1248 353 cum
1276 320 1343 353 sub
1366 318 1483 353 cauda
1511 321 1647 355 latiore

168 392 367 427 branchias
393 390 559 425 adfuisse
581 413 591 429 ‚
625 398 706 423 tum
729 387 796 423 sub
827 392 1033 434 segmentis
1061 391 1277 425 abdominis
1308 395 1447 425 sensim
1473 403 1645 436 squamas

169 465 255 498 illas
276 471 427 496 exortas
456 472 535 495 esse
554 485 562 500 ,
587 468 628 494 ut
654 460 777 497 ovula,
837 459 881 492 ab
915 462 1076 494 animale
1098 461 1172 503 {am
1203 466 1340 508 posita,
1358 462 1515 496 ulterius
1541 465 1648 497 evol...

165 542 293 568 vetent
310 547 354 567 31‘·

804 627 839 671 §-
897 627 962 663 36.

212 736 261 768 Ut
289 742 415 768 tamen
440 732 608 770 affinitas
654 733 919 769 Trilobitemm
949 745 1033 767 cum
1064 734 1276 772 Crustaceis
1300 736 1534 783 a'sopociibus,
1594 752 1640 774 ex

158 803 297 849 quibus
321 806 553 852 Sphaeroma
587 810 808 854 praeprimis
838 806 884 838 ad
912 808 1208 852 comparandum
1237 809 1418 855 elegimus
1438 832 1446 847 ,
1500 812 1637 846 melius

160 884 284 919 pateat
302 899 311 914 ›
367 876 491 912 forma
514 890 647 912 eorum
697 886 847 910 externa
896 876 1002 910 brevi
1048 881 1260 914 accuratius
1303 880 1545 917 describenda
1568 893 1636 919 est.

157 946 282 992 Caput
309 949 453 983 scilicet
512 951 767 985 Trilobitorum
794 952 901 981 vario
946 949 1063 984 modo
1090 951 1308 999 formatur3
1359 960 1402 985 ut
1425 952 1636 997 plurimum

155 1029 335 1066 magnum
363 1027 419 1053 est
446 1031 486 1053 ac
507 1020 619 1055 latius
647 1031 759 1066 quam
778 1020 945 1066 longius,
997 1021 1153 1066 planum
1174 1031 1212 1057 et
1234 1036 1460 1064 convexum,
1487 1025 1548 1059 vel
1573 1024 1635 1062 in-

154 1100 312 1139 tegrum,
346 1091 410 1124 vel
430 1090 471 1123 in
496 1099 568 1124 tres
608 1100 731 1138 partes
758 1091 903 1126 duabus
928 1092 1039 1127 lineis
1067 1092 1120 1127 ita
1144 1093 1319 1133 divisum,
1348 1105 1390 1130 ut
1416 1096 1510 1131 duae
1538 1099 1633 1132 late.

155 1163 250 1198 rales
279 1171 400 1209 partes
445 1165 635 1196 minorem
686 1161 1097 1204 111ediamincludaiit;
1142 1177 1422 1213 nonnunquam
1476 1181 1566 1205 vero
1593 1181 1631 1207 et

154 1235 320 1270 lateralis
341 1235 475 1280 capitis
521 1246 605 1280 pars
628 1233 726 1267 linea
754 1245 819 1279 per
843 1235 977 1269 oculos
1003 1245 1223 1271 excurrente
1242 1242 1380 1273 iterum
1399 1240 1517 1276 divisa
1545 1253 1601 1279 est
1616 1269 1626 1283 ,

152 1306 352 1354 mediaque
380 1309 511 1352 capitis
536 1317 621 1351 pars
662 1313 815 1338 crenato
841 1310 1011 1354 margine
1035 1308 1194 1354 gaudet3
1227 1311 1411 1346 accedunt
1440 1326 1555 1359 porro
1581 1316 1627 1350 ad

148 1380 310 1412 anticam
350 1385 494 1422 partem
540 1377 633 1409 aliae
672 1378 863 1415 laminae,
917 1387 959 1411 ut
1000 1383 1040 1413 in
1076 1381 1356 1426 Sphaeromate‚
1387 1385 1431 1418 ad
1454 1388 1626 1423 maxillas

153 1460 369 1488 conversae,
421 1447 615 1491 hucusque
641 1455 762 1480 tamen
792 1449 963 1482 nondum
995 1455 1034 1484 in
1057 1453 1139 1486 ullo
1162 1453 1368 1498 specimine
1396 1456 1625 1495 observatas.

155 1521 380 1555 Occurrebat
401 1519 554 1566 quidem
601 1518 713 1551 nobis
742 1523 941 1563 specimen,
970 1523 1072 1567 quod
1097 1528 1136 1557 in
1171 1525 1398 1560 collectione
1423 1531 1624 1567 Societas&

147 1593 453 1639 Mineralogicae
469 1589 775 1633 Petropo‘litanae
797 1600 1030 1632 asservatur,
1059 1594 1165 1637 cujus
1191 1606 1301 1640 caput
1328 1599 1372 1632 ab
1391 1605 1495 1634 omni
1521 1605 1621 1638 calce

148 1664 379 1700 denudatum
430 1661 556 1697 soleae
595 1664 751 1706 equinae
779 1660 922 1698 ferreae
948 1667 1066 1700 instar
1089 1666 1193 1701 intus
1219 1671 1428 1704 eminenter
1452 1676 1615 1718 prosint,

153 1737 277 1771 antice
304 1732 595 1770 succenturiatis
643 1732 787 1768 duabus
812 1737 981 1781 partibus
1008 1737 1209 1782 praeditae,
1232 1741 1284 1773 ita
1309 1749 1351 1773 ut
1367 1742 1427 1775 vel
1452 1747 1616 1783 maxillis

145 1807 357 1844 inserendis
409 1804 611 1840 inserviret
628 1830 637 1845 ‚
682 1806 744 1839 vel
772 1807 876 1842 intus
901 1821 1074 1854 pressum
1102 1810 1244 1843 labium
1263 1817 1435 1857 superius
1456 1819 1615 1862 sisteret,

144 1879 250 1926 quod
273 1880 313 1913 in
334 1878 600 1925 Sphaeromate
624 1879 798 1913 similiter
823 1878 901 1914 fere
924 1880 1132 1916 formatum
1157 1888 1227 1916 est.

791 1973 822 2017 §·
876 1976 939 2019 37.

194 2077 299 2113 Oculi
318 2089 411 2114 vero
433 2080 474 2113 in
514 2079 717 2115 Crustaceis
732 2080 937 2126 isopodibus
959 2084 1120 2118 nimium
1145 2095 1256 2130 quam
1282 2086 1420 2121 exculti
1434 2085 1610 2136 frequen-

1374 2136 1396 2170 h
